2522 4852
706 1 768 3 .,.-
789 3 892 7 ,.-,-
936 4 1245 17 ..,-.-,.-,-

279 254 425 328 (ts-w.
445 251 573 318 ioanuer
593 254 791 337 praedicans.)
1048 261 1104 328 tut

36 399 102 485 pdos
122 405 150 463 et
171 395 308 485 purgabit
337 421 443 467 areum
472 421 578 482 suem,
606 411 638 468 ct
666 399 877 492 congregabit
902 403 1041 472 triticum
1067 407 1103 474 ln

35 499 139 566 lorrcun
157 521 253 564 suurn:
283 498 393 586 paleas
421 511 527 568 autem
550 499 720 570 comburet
745 507 813 592 igni
840 503 1102 592 inexstinguibili.

34 601 63 664 tt
76 597 158 666 llulta
176 599 299 687 quidem
321 613 353 670 ot
375 601 440 668 alia
465 601 637 670 exhortans
659 603 906 692 evangelizabat
926 605 1063 694 populo.

77 761 163 822 iadeax
181 763 323 844 Baptistae
341 765 432 828 rerba
451 766 586 826 reierunt
605 765 819 850 Emugelirtae.
868 771 938 831 Hoc
957 789 1019 830 uuo
1038 769 1101 832 Lu·

31 861 58 898 rs
70 837 163 901 uberior
179 853 235 918 ert,
259 843 339 921 quod
360 841 440 926 prins
460 843 615 918 admonet,
639 863 695 924 qua
707 847 872 907 'occasione
891 846 990 907 babita
1008 845 1102 908 suerit

31 915 75 973 lue
93 917 194 978 roseio:
223 935 330 1000 nempe
353 922 420 1000 quia
447 916 611 1000 periculum
636 931 715 993 erat,
746 941 786 982 ne
811 921 923 984 Christi
954 923 1099 984 bonorem

31 989 202 1072 bbopiaiom
218 993 253 1054 ad
279 1013 347 1054 eum
366 995 451 1076 plebs
474 995 657 1057 transferret.
699 997 782 1080 Ergo
809 1011 842 1059 ut
866 1019 965 1061 ansam
989 998 1120 1061 erroris*

30 1079 100 1128 nure
130 1070 252 1144 raecidat,
271 1071 380 1132 diserte
399 1081 533 1146 testatur,
552 1091 584 1132 se
603 1093 666 1132 non
687 1092 749 1134 esse
769 1073 918 1136 Christum
950 1086 1039 1156 atque
1056 1074 1099 1137 ite

30 1143 101 1202 erl·
120 1145 285 1219 odiseeruit,
304 1159 339 1208 ut
356 1149 402 1208 ius
422 1146 464 1208 ilii
483 1169 566 1210 auum
579 1159 697 1209 asserat
735 1150 775 1210 Et
787 1149 846 1212 boc
858 1117 975 1232 quidem
988 1163 1098 1232 sponte

30 1217 110 1282 ῐιιιιιι
125 1233 193 1298 erat,
216 1234 250 1285 ιιι
267 1222 429 1304 discipulos
450 1223 570 1286 Christo
590 1225 628 1286 de
647 1245 736 1286 mauu
755 1227 852 1306 (qnod
867 1229 963 1306 aiunt)
982 1228 1013 1288 in
1032 1247 1096 1290 me·

29 1315 70 1352 tn
82 1297 198 1360 minu:
215 1300 267 1362 sed
286 1300 431 1362 matutine
450 1301 607 1380 anticipat,
626 1321 665 1361 ne
685 1301 794 1365 diutius
812 1304 940 1366 tacendo
961 1323 1095 1366 errorem

29 1369 239 1448 plrliscuairmet.
290 1375 396 1451 Quum
416 1377 489 1438 dicit
515 1375 670 1438 fortiorem
687 1379 805 1453 venire,
834 1380 981 1463 significat
1002 1379 1094 1462 longe

30 1447 62 1506 aa
73 1451 211 1528 prtmtiaet
222 1451 367 1535 dignitate
385 1452 563 1535 praeditum,
583 1453 664 1515 cuius
678 1466 815 1536 respectu
833 1457 896 1537 ipse
914 1457 944 1517 iu
957 1456 1094 1517 ordinent

137 1528 178 1588 sit.
215 1529 365 1591 Formuiis
390 1541 489 1592 autem
508 1529 677 1612 vulgaribus
695 1537 803 1608 utitur,
822 1532 927 1612 quibua
946 1531 1022 1594 adeo
1042 1551 1093 1593 ex·

90 1601 171 1664 ttrtxo
190 1605 333 1688 gloriam
364 1618 399 1668 ut
422 1626 493 1687 prae
516 1604 569 1668 illo
589 1625 621 1668 ae
647 1606 721 1668 nibil
748 1627 811 1670 esse
836 1610 985 1690 exprimat
1022 1609 1092 1671 ldoc

33 1681 270 1764 traerpraecipuum
296 1693 360 1754 est,
390 1681 470 1763 quod
491 1681 641 1745 Christum
675 1682 745 1744 lacit
763 1684 904 1766 Baptismi
934 1685 1091 1766 spiritualis

29 1765 134 1832 m,
157 1777 188 1817 re
205 1778 277 1822 uero
309 1762 423 1819 externi
451 1759 591 1820 duntaxat
618 1759 792 1820 ministrum.
842 1762 968 1823 Videtur
991 1772 1090 1822 autem

26 1833 214 1912 eremperto,
232 1835 257 1896 si
278 1834 346 1916 quis
366 1835 445 1898 sorte
465 1835 627 1912 obiiceret,
654 1856 794 1916 quorsum
817 1849 967 1920 spectaret
989 1837 1089 1920 bapti·

25 1925 82 1978 nrs,
98 1929 168 1986 pue·
185 1910 239 1972 sibi
257 1923 440 1992 sumpserat:
473 1930 572 1993 neque
597 1913 678 1972 enim
698 1932 744 1974 res
762 1912 832 1977 levis
851 1916 996 1976 momenti
1015 1925 1090 2008 eratg
1158 1933 1169 1974 ἰ

25 1981 125 2066 queque
142 1985 169 2047 iu
185 1987 323 2051 Ecclesia
336 1987 394 2048 Dei
413 2007 533 2066 nouare,
552 1990 722 2070 praesertim
734 2010 806 2052 vero
826 2011 935 2054 norum
953 1991 1090 2071 profitere

24 2055 137 2122 Maloeis
150 2083 248 2144 gmue,
267 2063 351 2144 quod
372 2063 532 2146 perfectius
552 2077 628 2126 esset
640 2065 723 2150 lege
734 2066 808 2128 Dei:
828 2067 897 2131 ideo
916 2067 1089 2149 respondet,

23 2135 132 2224 ¹¹,th
151 2139 219 2201 nibil
241 2152 359 2202 temere
382 2160 570 2236 aggressum,
598 2141 677 2222 quod
702 2153 802 2203 tameo
827 2146 939 2206 externi
961 2141 1089 2226 symboli

22 2225 105 2298 ”pter
118 2227 169 2292 ert,
190 2217 219 2278 id
240 2217 282 2278 de
302 2217 412 2280 (ibristx
430 2218 539 2280 virtute
559 2229 589 2279 et
607 2217 705 2301 gloria
725 2218 798 2280 nibil
817 2221 959 2281 minuere.
997 2219 1088 2282 Unde

21 2283 142 2368 might,
158 2293 216 2355 eius
234 2293 397 2356 consilium
414 2294 537 2355 minime
556 2293 660 2371 fuisse,
685 2295 720 2356 ba
744 2297 860 2356 titutum
879 2317 963 2357 suum
983 2295 1088 2358 distin-

22 2379 75 2440 gttre
88 2363 116 2426 ab
131 2387 179 2446 eo,
202 2391 293 2450 quem
314 2369 450 2432 Christus
474 2369 623 2451 discipulis
642 2392 708 2432 man
732 2371 804 2446 avit,
829 2384 859 2432 ιι
878 2371 960 2434 cuius
978 2391 1088 2453 perpe·

21 2449 68 2498 tm
80 2463 146 2506 utun
161 2447 253 2509 uoluit
275 2447 307 2507 in
325 2446 456 2510 Ecclesia
474 2447 588 2542 rigere:
621 2466 718 2527 neque
737 2447 816 2507 enim
835 2448 952 2532 signum
971 2446 1087 2510 risibile

19 2513 68 2576 bul
91 2521 97 2534 '
163 2524 307 2606 opponit,
325 2523 377 2585 sed
397 2523 509 2584 domine
529 2535 560 2586 et
577 2523 654 2586 servi
674 2541 815 2604 personas
833 2526 913 2586 inter
930 2543 963 2585 se
981 2522 1087 2584 conie-

20 2607 68 2676 ξω.
103 2611 160 2660 oeet
179 2600 250 2680 quid
279 2598 433 2681 proprium
458 2599 598 2676 domino,
627 2600 750 2681 etquid
774 2619 859 2664 servo
885 2599 1086 2662 tribuendum.

20 2665 82 2746 teu
95 2695 139 2736 xor
155 2675 311 2758 impediat,
336 2677 416 2756 quod
442 2675 557 2758 pridem
577 2677 679 2758 opinio
703 2676 753 2738 ilia
772 2689 803 2738 et
827 2676 934 2760 passim
952 2676 1086 2754 invaluit,

19 2737 92 2808 busta
106 2749 272 2888 baptismum
292 2773 308 2814 a
328 2763 431 2814 nostro
453 2753 594 2830 dilierre,
613 2753 666 2814 sed
686 2772 720 2814 ex
739 2773 772 2815 re
792 2755 854 2834 ipsa
878 2755 1084 2836 potiusquam

18 2833 37 2872 ιι

17 2839 1085 3077 tibuatuutuuturtuutturutttutu:

16 3063 72 3110 ¹¹¹
89 3053 190 3120 loannis
214 3070 368 3120 mortuum
391 3079 508 3142 signum
535 3070 566 3119 ιι
585 3079 666 3121 orum
686 3057 815 3121 eilicacra
837 3081 961 3122 raeuum
985 3059 1083 3121 turus.

16 3117 80 3188 lutis
93 3149 265 3214 sequeretur,
284 3155 346 3196 nou
366 3154 430 3196 esse
450 3133 537 3196 uobis
556 3153 744 3226 communem
763 3155 834 3226 cum
846 3134 968 3227 Christo
984 3134 1083 3214 bapti·

16 3217 81 3264 ¹·ss
127 3233 171 3272 ιιι
188 3212 262 3304 ratis
279 3221 407 3304 constet,
430 3210 485 3272 bac
502 3223 612 3274 tessera
630 3221 771 3304 gaocrtam
792 3209 880 3272 iursse
899 3221 1084 3302 soeretatem,

16 3291 170 3424 &aad
188 3285 1083 3446 ttttttttttgt'sittottttttt‘'trittttmtt

16 3423 129 3508 ''ilfi'tu
144 3461 160 3502 a
178 3461 210 3504 re
230 3451 263 3502 et
280 3440 336 3502 reli
359 3439 401 3502 uis
427 3439 565 3502 omnibus
588 3439 728 3500 ministris
750 3438 787 3498 ba
811 3404 888 3500 tiburi
913 3438 1083 3500 ducernere

16 3502 82 3570 “foti
306 3529 319 3578 t
337 3461 472 3578 dominus
495 3539 529 3578 su
551 3535 583 3576 ra
601 3535 702 3578 seruos
721 3460 856 3578 emirleat
893 3515 994 3595 Atque
1013 3512 1083 3576 bine

16 3535 414 3688 ΙΕῦἰιιΨιῖοιξιιΙῖ’ἀιιιιυιιὶιιιη
444 3538 586 3686 quaeaparp
610 3591 725 3683 sintin
754 3591 912 3683 baptismo·
929 3589 1082 3682 bominum

16 3664 1082 3837 litittrtffittttititttddtdtmittitttdtttl

16 3827 132 3906 ruptura
152 3823 303 3886 Cbristum
326 3841 418 3884 uuum
443 3821 561 3884 resudet.
601 3820 763 3914 'Serrp'tura
777 3819 907 3913 ‘quidem
925 3817 1081 3911 interdum

16 3893 126 3958 ”urbes
141 3899 235 3982 impro
257 3901 302 3960 rie
319 3899 458 3981 arrigunt,
478 3897 559 3977 qued
580 3897 627 3958 luc
646 3919 699 3958 ιιιι
712 3897 834 3958 Cbrrsto
852 3894 1080 3988 vrndrcatloau·

16 3975 47 4032 *ι
60 3979 83 4028 ti
97 3989 175 4057 negat
191 3977 221 4037 io
236 3921 378 4038 bomioes
397 3984 578 4054 competere,
597 3973 649 4035 sed
667 3985 742 4064 tuuc
759 3992 821 4034 non
840 3971 990 4052 expendrt,
1008 3968 1080 4060 quad

16 4053 76 4120 ’,ιιι
90 4060 115 4108 et
130 4071 256 4116 seorsum
277 4051 384 4114 babeat
402 4051 514 4127 humo,
542 4050 594 4110 sed
619 4050 791 4132 simplicxter
815 4048 919 4122 docet,
949 4065 1024 4127 quae
1033 4053 1081 4138 ,ιιι

16 4131 34 4168 '¹
49 4131 71 4178 ‘l
87 4125 180 4188 utilitas
201 4131 372 4218 signorum,
402 4139 434 4188 ιι
458 4125 622 4219 quomodo·
636 4125 718 4186 Deus
736 4127 850 4217 Spiritu
874 4143 930 4185 suo
953 4142 1009 4216 per
1031 4117 1081 4179 xlia

16 4203 112 4348 uu
127 4203 692 4361 immutaturum
701 4201 1080 4339 ttuutuuur

16 4355 66 4406 “²³
84 4357 314 4436 woradum
337 4355 413 4422 nibil
436 4357 528 4440 magis
552 4354 683 4437 proclive
707 4364 767 4432 est,
797 4371 883 4435 quem
902 4346 960 4408 Dei
978 4341 1080 4428 spoliis

152 2829 283 2891 ominum
301 2829 442 2892 iudicium
461 2829 561 2891 iacere
580 2830 730 2892 discamus.
767 2830 808 2892 Et
825 2851 894 2892 sane
913 2831 978 2911 plus
997 2851 1085 2910 quarn
