<?xml version="1.0" encoding="UTF-8"?>
<!DOCTYPE html PUBLIC "-//W3C//DTD XHTML 1.0 Transitional//EN"
    "http://www.w3.org/TR/xhtml1/DTD/xhtml1-transitional.dtd">
<html xmlns="http://www.w3.org/1999/xhtml" xml:lang="en" lang="en">
 <head>
  <title>
</title>
<meta http-equiv="Content-Type" content="text/html;charset=utf-8" />
  <meta name='ocr-system' content='tesseract 3.04.00' />
  <meta name='ocr-capabilities' content='ocr_page ocr_carea ocr_par ocr_line ocrx_word'/>
</head>
<body>
  <div class='ocr_page' id='page_1' title='image "./ioanniscalvinii01calvgoog_0445.png"; bbox 0 0 2504 4852; ppageno 0'>
   <div class='ocr_carea' id='block_1_1' title="bbox 129 241 1043 320">
    <p class='ocr_par' dir='ltr' id='par_1_1' title="bbox 129 241 1043 320">
     <span class='ocr_line' id='line_1_1' title="bbox 129 241 1043 320; baseline -0.001 -3"><span class='ocrx_word' id='word_1_1' title='bbox 129 255 167 317; x_wconf 73' lang='lat' dir='ltr'><strong>ta</strong></span> <span class='ocrx_word' id='word_1_2' title='bbox 346 251 458 316; x_wconf 75' lang='lat' dir='ltr'><strong>sticr.</strong></span> <span class='ocrx_word' id='word_1_3' title='bbox 475 241 558 314; x_wconf 79' lang='lat' dir='ltr'><strong>iittt</strong></span> <span class='ocrx_word' id='word_1_4' title='bbox 598 261 765 316; x_wconf 77' lang='lat' dir='ltr'><strong>saauosm</strong></span> <span class='ocrx_word' id='word_1_5' title='bbox 785 265 826 312; x_wconf 82' lang='lat' dir='ltr'><strong>nr</strong></span> <span class='ocrx_word' id='word_1_6' title='bbox 847 265 1043 320; x_wconf 75' lang='lat' dir='ltr'><strong>omnisonae</strong></span> 
     </span>
    </p>
   </div>
   <div class='ocr_carea' id='block_1_2' title="bbox 129 387 1246 641">
    <p class='ocr_par' dir='ltr' id='par_1_2' title="bbox 129 387 1246 674">
     <span class='ocr_line' id='line_1_2' title="bbox 129 387 1246 538; baseline -0.007 -72"><span class='ocrx_word' id='word_1_7' title='bbox 129 427 191 466; x_wconf 88' lang='lat' dir='ltr'><strong>non</strong></span> <span class='ocrx_word' id='word_1_8' title='bbox 207 405 335 486; x_wconf 76' lang='lat' dir='ltr'><strong>disputo:</strong></span> <span class='ocrx_word' id='word_1_9' title='bbox 360 403 508 485; x_wconf 77' lang='lat' dir='ltr'><strong>quianon</strong></span> <span class='ocrx_word' id='word_1_10' title='bbox 527 401 583 462; x_wconf 87' lang='lat' dir='ltr'><strong>alio</strong></span> <span class='ocrx_word' id='word_1_11' title='bbox 608 394 739 538; x_wconf 71' lang='lat' dir='ltr'><strong>ppeetaat</strong></span> <span class='ocrx_word' id='word_1_12' title='bbox 757 394 845 464; x_wconf 68' lang='lat' dir='ltr'><strong>rerba</strong></span> <span class='ocrx_word' id='word_1_13' title='bbox 865 399 985 488; x_wconf 80' lang='lat' dir='ltr'><strong>Clu-isti,</strong></span> <span class='ocrx_word' id='word_1_14' title='bbox 1007 395 1083 484; x_wconf 78' lang='lat' dir='ltr'><strong>quun</strong></span> <span class='ocrx_word' id='word_1_15' title='bbox 1104 412 1214 465; x_wconf 82' lang='lat' dir='ltr'><strong>externam</strong></span> <span class='ocrx_word' id='word_1_16' title='bbox 1245 387 1246 458; x_wconf 53' lang='grc' dir='ltr'>ἶ</span> 
     </span>
     <span class='ocr_line' id='line_1_3' title="bbox 129 475 1246 620; baseline 0.001 -78"><span class='ocrx_word' id='word_1_17' title='bbox 129 483 193 543; x_wconf 78' lang='lat' dir='ltr'><strong>sarlei</strong></span> <span class='ocrx_word' id='word_1_18' title='bbox 212 480 420 574; x_wconf 71' lang='lat' dir='ltr'><strong>professionem</strong></span> <span class='ocrx_word' id='word_1_19' title='bbox 439 479 556 576; x_wconf 82' lang='lat' dir='ltr'><strong>minime</strong></span> <span class='ocrx_word' id='word_1_20' title='bbox 574 499 607 539; x_wconf 87' lang='lat' dir='ltr'><strong>su</strong></span> <span class='ocrx_word' id='word_1_21' title='bbox 630 492 773 572; x_wconf 34' lang='lat' dir='ltr'><strong>‘sepiunt</strong></span> <span class='ocrx_word' id='word_1_22' title='bbox 788 499 851 620; x_wconf 44' lang='lat' dir='ltr'><strong>pro·</strong></span> <span class='ocrx_word' id='word_1_23' title='bbox 863 481 920 543; x_wconf 83' lang='lat' dir='ltr'><strong>suis</strong></span> <span class='ocrx_word' id='word_1_24' title='bbox 938 483 1016 543; x_wconf 82' lang='lat' dir='ltr'><strong>Deus</strong></span> <span class='ocrx_word' id='word_1_25' title='bbox 1033 481 1215 565; x_wconf 63' lang='grc' dir='ltr'><strong>13105111,ςυὶ-</strong></span> <span class='ocrx_word' id='word_1_26' title='bbox 1245 475 1246 554; x_wconf 71' lang='lat' dir='ltr'><strong>l</strong></span> 
     </span>
     <span class='ocr_line' id='line_1_4' title="bbox 130 558 906 641; baseline -0.004 -21"><span class='ocrx_word' id='word_1_27' title='bbox 130 578 243 641; x_wconf 81' lang='lat' dir='ltr'><strong>cunque</strong></span> <span class='ocrx_word' id='word_1_28' title='bbox 261 559 394 620; x_wconf 81' lang='lat' dir='ltr'><strong>ridentur</strong></span> <span class='ocrx_word' id='word_1_29' title='bbox 413 574 521 618; x_wconf 86' lang='lat' dir='ltr'><strong>nomen</strong></span> <span class='ocrx_word' id='word_1_30' title='bbox 543 568 689 618; x_wconf 81' lang='lat' dir='ltr'><strong>roeatrom</strong></span> <span class='ocrx_word' id='word_1_31' title='bbox 709 577 769 618; x_wconf 79' lang='lat' dir='ltr'><strong>eros</strong></span> <span class='ocrx_word' id='word_1_32' title='bbox 807 558 906 619; x_wconf 78' lang='lat' dir='ltr'><strong>edisse.</strong></span> 
     </span>
    </p>
   </div>
   <div class='ocr_carea' id='block_1_3' title="bbox 29 783 1246 3740">
    <p class='ocr_par' dir='ltr' id='par_1_3' title="bbox 29 783 1246 3740">
     <span class='ocr_line' id='line_1_5' title="bbox 215 783 1246 876; baseline -0.003 -23"><span class='ocrx_word' id='word_1_33' title='bbox 215 787 319 876; x_wconf 70' lang='lat'>(122.)</span> <span class='ocrx_word' id='word_1_34' title='bbox 349 785 451 856; x_wconf 84' lang='lat' dir='ltr'><strong>LUC.</strong></span> <span class='ocrx_word' id='word_1_35' title='bbox 474 787 562 852; x_wconf 79' lang='lat' dir='ltr'><strong>xvi.</strong></span> <span class='ocrx_word' id='word_1_36' title='bbox 615 787 644 852; x_wconf 90' lang='lat' dir='ltr'><strong>l.</strong></span> <span class='ocrx_word' id='word_1_37' title='bbox 670 784 807 856; x_wconf 78' lang='lat' dir='ltr'><strong>Dicebat</strong></span> <span class='ocrx_word' id='word_1_38' title='bbox 828 795 935 852; x_wconf 88' lang='lat' dir='ltr'><strong>antem</strong></span> <span class='ocrx_word' id='word_1_39' title='bbox 961 783 1053 854; x_wconf 87' lang='lat' dir='ltr'><strong>etad</strong></span> <span class='ocrx_word' id='word_1_40' title='bbox 1076 783 1217 874; x_wconf 85' lang='lat' dir='ltr'><strong>discipulos</strong></span> <span class='ocrx_word' id='word_1_41' title='bbox 1245 799 1246 876; x_wconf 13' lang='grc' dir='ltr'>ἐ</span> 
     </span>
     <span class='ocr_line' id='line_1_6' title="bbox 130 879 1246 980; baseline -0.006 -21"><span class='ocrx_word' id='word_1_42' title='bbox 130 914 222 972; x_wconf 86' lang='lat' dir='ltr'><strong>suos,</strong></span> <span class='ocrx_word' id='word_1_43' title='bbox 251 891 360 958; x_wconf 84' lang='lat' dir='ltr'><strong>Homo</strong></span> <span class='ocrx_word' id='word_1_44' title='bbox 381 888 510 976; x_wconf 86' lang='lat' dir='ltr'><strong>quidam</strong></span> <span class='ocrx_word' id='word_1_45' title='bbox 535 897 602 955; x_wconf 88' lang='lat' dir='ltr'><strong>erat</strong></span> <span class='ocrx_word' id='word_1_46' title='bbox 629 887 732 968; x_wconf 85' lang='lat' dir='ltr'><strong>dives,</strong></span> <span class='ocrx_word' id='word_1_47' title='bbox 760 891 816 980; x_wconf 87' lang='lat' dir='ltr'><strong>qni</strong></span> <span class='ocrx_word' id='word_1_48' title='bbox 842 887 981 958; x_wconf 81' lang='lat' dir='ltr'><strong>babebat</strong></span> <span class='ocrx_word' id='word_1_49' title='bbox 1001 888 1218 976; x_wconf 71' lang='lat' dir='ltr'><strong>dispensatorem,</strong></span> <span class='ocrx_word' id='word_1_50' title='bbox 1245 879 1246 887; x_wconf 55' lang='lat'><em>&#39;</em></span> 
     </span>
     <span class='ocr_line' id='line_1_7' title="bbox 129 991 1246 1082; baseline -0.008 -20"><span class='ocrx_word' id='word_1_51' title='bbox 129 1006 162 1062; x_wconf 87' lang='lat' dir='ltr'><strong>et</strong></span> <span class='ocrx_word' id='word_1_52' title='bbox 183 995 235 1060; x_wconf 88' lang='lat' dir='ltr'><strong>bio</strong></span> <span class='ocrx_word' id='word_1_53' title='bbox 255 991 380 1060; x_wconf 85' lang='lat' dir='ltr'><strong>deintus</strong></span> <span class='ocrx_word' id='word_1_54' title='bbox 403 1001 452 1058; x_wconf 85' lang='lat' dir='ltr'><strong>est</strong></span> <span class='ocrx_word' id='word_1_55' title='bbox 471 991 561 1081; x_wconf 83' lang='lat' dir='ltr'><strong>apud</strong></span> <span class='ocrx_word' id='word_1_56' title='bbox 581 991 686 1073; x_wconf 85' lang='lat' dir='ltr'><strong>illum,</strong></span> <span class='ocrx_word' id='word_1_57' title='bbox 716 992 809 1081; x_wconf 84' lang='lat' dir='ltr'><strong>qnod</strong></span> <span class='ocrx_word' id='word_1_58' title='bbox 838 993 1010 1082; x_wconf 74' lang='lat' dir='ltr'>dissiparet</span> <span class='ocrx_word' id='word_1_59' title='bbox 1035 991 1116 1058; x_wconf 92' lang='lat' dir='ltr'><strong>bona</strong></span> <span class='ocrx_word' id='word_1_60' title='bbox 1138 993 1220 1078; x_wconf 82' lang='lat' dir='ltr'><strong>ipsios</strong></span> <span class='ocrx_word' id='word_1_61' title='bbox 1245 1011 1246 1042; x_wconf 71' lang='grc'><strong>1</strong></span> 
     </span>
     <span class='ocr_line' id='line_1_8' title="bbox 129 1089 1246 1182; baseline -0.007 -20"><span class='ocrx_word' id='word_1_62' title='bbox 129 1099 161 1165; x_wconf 70' lang='grc'><strong>1.</strong></span> <span class='ocrx_word' id='word_1_63' title='bbox 184 1097 225 1162; x_wconf 83' lang='lat' dir='ltr'><strong>Et</strong></span> <span class='ocrx_word' id='word_1_64' title='bbox 246 1097 374 1161; x_wconf 87' lang='lat' dir='ltr'><strong>vocavit</strong></span> <span class='ocrx_word' id='word_1_65' title='bbox 396 1115 476 1174; x_wconf 89' lang='lat' dir='ltr'><strong>enm,</strong></span> <span class='ocrx_word' id='word_1_66' title='bbox 500 1093 644 1182; x_wconf 82' lang='lat' dir='ltr'><strong>dixitque</strong></span> <span class='ocrx_word' id='word_1_67' title='bbox 666 1097 708 1178; x_wconf 88' lang='lat' dir='ltr'><strong>ei,</strong></span> <span class='ocrx_word' id='word_1_68' title='bbox 730 1094 821 1182; x_wconf 86' lang='lat' dir='ltr'><strong>Quid</strong></span> <span class='ocrx_word' id='word_1_69' title='bbox 842 1093 906 1161; x_wconf 91' lang='lat' dir='ltr'><strong>boe</strong></span> <span class='ocrx_word' id='word_1_70' title='bbox 923 1093 1018 1164; x_wconf 91' lang='lat' dir='ltr'><strong>audio</strong></span> <span class='ocrx_word' id='word_1_71' title='bbox 1035 1093 1076 1161; x_wconf 88' lang='lat' dir='ltr'><strong>de</strong></span> <span class='ocrx_word' id='word_1_72' title='bbox 1089 1098 1132 1159; x_wconf 82' lang='lat' dir='ltr'><strong>tei</strong></span> <span class='ocrx_word' id='word_1_73' title='bbox 1148 1091 1220 1158; x_wconf 85' lang='lat' dir='ltr'><strong>redde</strong></span> <span class='ocrx_word' id='word_1_74' title='bbox 1245 1089 1246 1178; x_wconf 71' lang='lat' dir='ltr'><strong>f</strong></span> 
     </span>
     <span class='ocr_line' id='line_1_9' title="bbox 130 1187 1246 1287; baseline -0.007 -21"><span class='ocrx_word' id='word_1_75' title='bbox 130 1201 286 1267; x_wconf 86' lang='lat' dir='ltr'><strong>rritiuueur</strong></span> <span class='ocrx_word' id='word_1_76' title='bbox 310 1193 559 1286; x_wconf 80' lang='lat' dir='ltr'><strong>dispensationis</strong></span> <span class='ocrx_word' id='word_1_77' title='bbox 577 1208 670 1280; x_wconf 81' lang='lat' dir='ltr'><strong>tune:</strong></span> <span class='ocrx_word' id='word_1_78' title='bbox 698 1221 765 1266; x_wconf 89' lang='lat' dir='ltr'><strong>non</strong></span> <span class='ocrx_word' id='word_1_79' title='bbox 787 1199 872 1272; x_wconf 88' lang='lat' dir='ltr'><strong>enim</strong></span> <span class='ocrx_word' id='word_1_80' title='bbox 893 1201 1015 1287; x_wconf 86' lang='lat' dir='ltr'><strong>poteris</strong></span> <span class='ocrx_word' id='word_1_81' title='bbox 1036 1195 1157 1286; x_wconf 83' lang='lat' dir='ltr'><strong>posthac</strong></span> <span class='ocrx_word' id='word_1_82' title='bbox 1173 1215 1222 1260; x_wconf 87' lang='lat' dir='ltr'><strong>esse</strong></span> <span class='ocrx_word' id='word_1_83' title='bbox 1245 1187 1246 1273; x_wconf 75' lang='lat'><strong>,</strong></span> 
     </span>
     <span class='ocr_line' id='line_1_10' title="bbox 130 1299 1222 1388; baseline -0.008 -19"><span class='ocrx_word' id='word_1_84' title='bbox 130 1322 339 1369; x_wconf 64' lang='lat' dir='ltr'><strong>monemus.</strong></span> <span class='ocrx_word' id='word_1_85' title='bbox 381 1300 414 1366; x_wconf 65' lang='lat' dir='ltr'><strong>d</strong></span> <span class='ocrx_word' id='word_1_86' title='bbox 435 1302 492 1366; x_wconf 80' lang='lat' dir='ltr'><strong>Ait</strong></span> <span class='ocrx_word' id='word_1_87' title='bbox 512 1309 618 1366; x_wconf 89' lang='lat' dir='ltr'><strong>antem</strong></span> <span class='ocrx_word' id='word_1_88' title='bbox 639 1299 844 1388; x_wconf 84' lang='lat' dir='ltr'><strong>dispeusator</strong></span> <span class='ocrx_word' id='word_1_89' title='bbox 863 1305 947 1368; x_wconf 89' lang='lat' dir='ltr'><strong>iutra</strong></span> <span class='ocrx_word' id='word_1_90' title='bbox 963 1321 1010 1382; x_wconf 87' lang='lat' dir='ltr'><strong>se,</strong></span> <span class='ocrx_word' id='word_1_91' title='bbox 1032 1299 1116 1388; x_wconf 84' lang='lat' dir='ltr'><strong>Quid</strong></span> <span class='ocrx_word' id='word_1_92' title='bbox 1135 1299 1222 1374; x_wconf 80' lang='lat' dir='ltr'><strong>faciam,</strong></span> 
     </span>
     <span class='ocr_line' id='line_1_11' title="bbox 128 1401 1222 1492; baseline -0.003 -24"><span class='ocrx_word' id='word_1_93' title='bbox 128 1405 204 1492; x_wconf 80' lang='lat' dir='ltr'><strong>quia</strong></span> <span class='ocrx_word' id='word_1_94' title='bbox 226 1401 375 1470; x_wconf 89' lang='lat' dir='ltr'><strong>dominus</strong></span> <span class='ocrx_word' id='word_1_95' title='bbox 397 1417 489 1468; x_wconf 88' lang='lat' dir='ltr'><strong>meus</strong></span> <span class='ocrx_word' id='word_1_96' title='bbox 511 1403 615 1470; x_wconf 87' lang='lat' dir='ltr'><strong>aniert</strong></span> <span class='ocrx_word' id='word_1_97' title='bbox 636 1425 655 1470; x_wconf 90' lang='lat' dir='ltr'><strong>a</strong></span> <span class='ocrx_word' id='word_1_98' title='bbox 677 1425 729 1470; x_wconf 90' lang='lat' dir='ltr'><strong>ure</strong></span> <span class='ocrx_word' id='word_1_99' title='bbox 752 1404 1041 1492; x_wconf 78' lang='lat' dir='ltr'><strong>dispensationem?</strong></span> <span class='ocrx_word' id='word_1_100' title='bbox 1061 1401 1160 1470; x_wconf 88' lang='lat' dir='ltr'><strong>iodere</strong></span> <span class='ocrx_word' id='word_1_101' title='bbox 1176 1423 1222 1466; x_wconf 90' lang='lat' dir='ltr'><strong>nm</strong></span> 
     </span>
     <span class='ocr_line' id='line_1_12' title="bbox 127 1501 1246 1595; baseline -0.005 -21"><span class='ocrx_word' id='word_1_102' title='bbox 127 1506 235 1588; x_wconf 80' lang='lat' dir='ltr'><strong>valeo,</strong></span> <span class='ocrx_word' id='word_1_103' title='bbox 261 1505 444 1574; x_wconf 87' lang='lat' dir='ltr'><strong>mendicare</strong></span> <span class='ocrx_word' id='word_1_104' title='bbox 467 1501 636 1574; x_wconf 81' lang='lat' dir='ltr'><strong>erubesco.</strong></span> <span class='ocrx_word' id='word_1_105' title='bbox 686 1509 717 1574; x_wconf 81' lang='grc'><strong>4.</strong></span> <span class='ocrx_word' id='word_1_106' title='bbox 739 1506 816 1574; x_wconf 83' lang='lat' dir='ltr'><strong>Scio</strong></span> <span class='ocrx_word' id='word_1_107' title='bbox 838 1505 917 1595; x_wconf 92' lang='lat' dir='ltr'><strong>quid</strong></span> <span class='ocrx_word' id='word_1_108' title='bbox 937 1507 1065 1588; x_wconf 85' lang='lat' dir='ltr'><strong>inciam,</strong></span> <span class='ocrx_word' id='word_1_109' title='bbox 1090 1515 1134 1588; x_wconf 90' lang='lat' dir='ltr'><strong>ut,</strong></span> <span class='ocrx_word' id='word_1_110' title='bbox 1153 1523 1223 1593; x_wconf 88' lang='lat' dir='ltr'><strong>quun</strong></span> <span class='ocrx_word' id='word_1_111' title='bbox 1245 1551 1246 1582; x_wconf 81' lang='lat'><strong>,</strong></span> 
     </span>
     <span class='ocr_line' id='line_1_13' title="bbox 128 1607 1246 1697; baseline -0.004 -21"><span class='ocrx_word' id='word_1_112' title='bbox 128 1622 254 1678; x_wconf 75' lang='lat' dir='ltr'><strong>amotus</strong></span> <span class='ocrx_word' id='word_1_113' title='bbox 280 1611 376 1674; x_wconf 86' lang='lat' dir='ltr'><strong>luero</strong></span> <span class='ocrx_word' id='word_1_114' title='bbox 402 1630 422 1673; x_wconf 90' lang='lat' dir='ltr'><strong>a</strong></span> <span class='ocrx_word' id='word_1_115' title='bbox 449 1607 709 1695; x_wconf 76' lang='lat' dir='ltr'><strong>dispensatione,</strong></span> <span class='ocrx_word' id='word_1_116' title='bbox 733 1611 889 1697; x_wconf 83' lang='lat' dir='ltr'><strong>recipiant</strong></span> <span class='ocrx_word' id='word_1_117' title='bbox 913 1631 964 1676; x_wconf 90' lang='lat' dir='ltr'><strong>rue</strong></span> <span class='ocrx_word' id='word_1_118' title='bbox 985 1611 1022 1676; x_wconf 92' lang='lat' dir='ltr'><strong>iu</strong></span> <span class='ocrx_word' id='word_1_119' title='bbox 1042 1610 1149 1676; x_wconf 86' lang='lat' dir='ltr'><strong>domos</strong></span> <span class='ocrx_word' id='word_1_120' title='bbox 1166 1627 1246 1672; x_wconf 63' lang='lat' dir='ltr'><strong>aaut</strong></span> 
     </span>
     <span class='ocr_line' id='line_1_14' title="bbox 127 1709 1223 1798; baseline -0.004 -18"><span class='ocrx_word' id='word_1_121' title='bbox 127 1712 158 1780; x_wconf 79' lang='lat'><strong>5.</strong></span> <span class='ocrx_word' id='word_1_122' title='bbox 188 1713 387 1782; x_wconf 82' lang='lat' dir='ltr'><strong>Convocatis</strong></span> <span class='ocrx_word' id='word_1_123' title='bbox 413 1713 523 1798; x_wconf 89' lang='lat' dir='ltr'><strong>itaque</strong></span> <span class='ocrx_word' id='word_1_124' title='bbox 552 1711 685 1798; x_wconf 81' lang='lat' dir='ltr'><strong>siugulis</strong></span> <span class='ocrx_word' id='word_1_125' title='bbox 714 1711 916 1779; x_wconf 80' lang='lat' dir='ltr'><strong>debitoribus</strong></span> <span class='ocrx_word' id='word_1_126' title='bbox 945 1712 1071 1780; x_wconf 78' lang='lat' dir='ltr'><strong>donnini</strong></span> <span class='ocrx_word' id='word_1_127' title='bbox 1090 1715 1148 1792; x_wconf 88' lang='lat' dir='ltr'><strong>sui,</strong></span> <span class='ocrx_word' id='word_1_128' title='bbox 1173 1707 1246 1775; x_wconf 88' lang='lat' dir='ltr'><strong>din&#39;l</strong></span> 
     </span>
     <span class='ocr_line' id='line_1_15' title="bbox 126 1812 1246 1904; baseline 0.007 -24"><span class='ocrx_word' id='word_1_129' title='bbox 126 1817 246 1904; x_wconf 90' lang='lat' dir='ltr'><strong>primo,</strong></span> <span class='ocrx_word' id='word_1_130' title='bbox 272 1815 438 1900; x_wconf 85' lang='lat' dir='ltr'><strong>Quantum</strong></span> <span class='ocrx_word' id='word_1_131' title='bbox 462 1812 562 1880; x_wconf 88' lang='lat' dir='ltr'><strong>debes</strong></span> <span class='ocrx_word' id='word_1_132' title='bbox 584 1813 717 1884; x_wconf 88' lang='lat' dir='ltr'><strong>domino</strong></span> <span class='ocrx_word' id='word_1_133' title='bbox 738 1818 834 1882; x_wconf 79' lang='lat' dir='ltr'><strong>rnen?</strong></span> <span class='ocrx_word' id='word_1_134' title='bbox 866 1817 897 1882; x_wconf 91' lang='grc'><strong>6.</strong></span> <span class='ocrx_word' id='word_1_135' title='bbox 919 1815 963 1882; x_wconf 84' lang='lat' dir='ltr'><strong>Ae</strong></span> <span class='ocrx_word' id='word_1_136' title='bbox 983 1815 1042 1882; x_wconf 87' lang='lat' dir='ltr'><strong>ille</strong></span> <span class='ocrx_word' id='word_1_137' title='bbox 1062 1813 1147 1894; x_wconf 79' lang='lat' dir='ltr'><strong>dixit,</strong></span> <span class='ocrx_word' id='word_1_138' title='bbox 1165 1813 1219 1882; x_wconf 78' lang='lat' dir='ltr'><strong>cer</strong></span> <span class='ocrx_word' id='word_1_139' title='bbox 1245 1857 1246 1888; x_wconf 75' lang='lat' dir='ltr'><strong>r</strong></span> 
     </span>
     <span class='ocr_line' id='line_1_16' title="bbox 127 1915 1246 2006; baseline -0.004 -23"><span class='ocrx_word' id='word_1_140' title='bbox 127 1929 194 1984; x_wconf 89' lang='lat' dir='ltr'><strong>tunr</strong></span> <span class='ocrx_word' id='word_1_141' title='bbox 221 1915 317 1983; x_wconf 81' lang='lat' dir='ltr'><strong>batos</strong></span> <span class='ocrx_word' id='word_1_142' title='bbox 344 1915 419 1982; x_wconf 88' lang='lat' dir='ltr'><strong>olei.</strong></span> <span class='ocrx_word' id='word_1_143' title='bbox 465 1917 621 2006; x_wconf 72' lang='lat' dir='ltr'><strong>Dixitque</strong></span> <span class='ocrx_word' id='word_1_144' title='bbox 647 1917 712 2000; x_wconf 91' lang='lat' dir='ltr'><strong>illi,</strong></span> <span class='ocrx_word' id='word_1_145' title='bbox 743 1921 865 2006; x_wconf 77' lang='lat' dir='ltr'><strong>Accipe</strong></span> <span class='ocrx_word' id='word_1_146' title='bbox 892 1921 1075 1987; x_wconf 71' lang='lat' dir='ltr'><strong>mononem</strong></span> <span class='ocrx_word' id='word_1_147' title='bbox 1100 1919 1246 1996; x_wconf 52' lang='lat' dir='ltr'><strong>tuamet*</strong></span> 
     </span>
     <span class='ocr_line' id='line_1_17' title="bbox 127 2007 1246 2108; baseline -0.007 -21"><span class='ocrx_word' id='word_1_148' title='bbox 127 2019 205 2088; x_wconf 87' lang='lat' dir='ltr'><strong>sede</strong></span> <span class='ocrx_word' id='word_1_149' title='bbox 229 2019 302 2102; x_wconf 82' lang='lat' dir='ltr'><strong>cito,</strong></span> <span class='ocrx_word' id='word_1_150' title='bbox 320 2025 350 2084; x_wconf 91' lang='lat' dir='ltr'><strong>et</strong></span> <span class='ocrx_word' id='word_1_151' title='bbox 374 2015 479 2084; x_wconf 86' lang='lat' dir='ltr'><strong>scribe</strong></span> <span class='ocrx_word' id='word_1_152' title='bbox 501 2023 740 2108; x_wconf 78' lang='lat' dir='ltr'><strong>quinquaginta.</strong></span> <span class='ocrx_word' id='word_1_153' title='bbox 784 2020 815 2086; x_wconf 83' lang='lat'><strong>7.</strong></span> <span class='ocrx_word' id='word_1_154' title='bbox 837 2019 968 2088; x_wconf 82' lang='lat' dir='ltr'><strong>Deinde</strong></span> <span class='ocrx_word' id='word_1_155' title='bbox 989 2020 1082 2088; x_wconf 84' lang='lat' dir='ltr'><strong>alteri</strong></span> <span class='ocrx_word' id='word_1_156' title='bbox 1104 2019 1175 2098; x_wconf 83' lang='lat' dir='ltr'><strong>dixit,</strong></span> <span class='ocrx_word' id='word_1_157' title='bbox 1190 2007 1246 2080; x_wconf 64' lang='lat' dir='ltr'><strong>l&#39;n&#39;</strong></span> 
     </span>
     <span class='ocr_line' id='line_1_18' title="bbox 126 2117 1246 2212; baseline -0.004 -22"><span class='ocrx_word' id='word_1_158' title='bbox 126 2146 206 2195; x_wconf 80' lang='lat' dir='ltr'><strong>aero</strong></span> <span class='ocrx_word' id='word_1_159' title='bbox 227 2133 382 2210; x_wconf 87' lang='lat' dir='ltr'><strong>quantum</strong></span> <span class='ocrx_word' id='word_1_160' title='bbox 405 2119 527 2190; x_wconf 76' lang='lat' dir='ltr'><strong>debes?</strong></span> <span class='ocrx_word' id='word_1_161' title='bbox 549 2123 619 2212; x_wconf 88' lang='lat' dir='ltr'><strong>Qui</strong></span> <span class='ocrx_word' id='word_1_162' title='bbox 640 2125 692 2204; x_wconf 85' lang='lat' dir='ltr'><strong>ait,</strong></span> <span class='ocrx_word' id='word_1_163' title='bbox 714 2123 854 2192; x_wconf 78' lang='lat' dir='ltr'><strong>Centum</strong></span> <span class='ocrx_word' id='word_1_164' title='bbox 876 2143 972 2192; x_wconf 85' lang='lat' dir='ltr'><strong>noros</strong></span> <span class='ocrx_word' id='word_1_165' title='bbox 994 2127 1102 2192; x_wconf 84' lang='lat' dir='ltr'><strong>tritici.</strong></span> <span class='ocrx_word' id='word_1_166' title='bbox 1138 2117 1246 2196; x_wconf 71' lang='lat' dir='ltr'><strong>mittit,</strong></span> 
     </span>
     <span class='ocr_line' id='line_1_19' title="bbox 126 2221 1246 2316; baseline -0.005 -22"><span class='ocrx_word' id='word_1_167' title='bbox 126 2229 248 2316; x_wconf 76' lang='lat' dir='ltr'><strong>Accipe</strong></span> <span class='ocrx_word' id='word_1_168' title='bbox 270 2225 453 2291; x_wconf 87' lang='lat' dir='ltr'><strong>cantionem</strong></span> <span class='ocrx_word' id='word_1_169' title='bbox 475 2234 575 2304; x_wconf 84' lang='lat' dir='ltr'><strong>tuam,</strong></span> <span class='ocrx_word' id='word_1_170' title='bbox 603 2235 636 2292; x_wconf 89' lang='lat' dir='ltr'><strong>et</strong></span> <span class='ocrx_word' id='word_1_171' title='bbox 657 2223 766 2291; x_wconf 87' lang='lat' dir='ltr'><strong>scribe</strong></span> <span class='ocrx_word' id='word_1_172' title='bbox 786 2227 956 2313; x_wconf 84' lang='lat' dir='ltr'><strong>octoginta.</strong></span> <span class='ocrx_word' id='word_1_173' title='bbox 1005 2228 1039 2294; x_wconf 84' lang='grc'><strong>8.</strong></span> <span class='ocrx_word' id='word_1_174' title='bbox 1061 2229 1103 2294; x_wconf 89' lang='lat' dir='ltr'><strong>Et</strong></span> <span class='ocrx_word' id='word_1_175' title='bbox 1122 2221 1246 2292; x_wconf 50' lang='lat' dir='ltr'><strong>laudarit¹</strong></span> 
     </span>
     <span class='ocr_line' id='line_1_20' title="bbox 126 2327 1246 2420; baseline -0.004 -24"><span class='ocrx_word' id='word_1_176' title='bbox 126 2329 287 2396; x_wconf 86' lang='lat' dir='ltr'><strong>Dominus</strong></span> <span class='ocrx_word' id='word_1_177' title='bbox 322 2327 577 2418; x_wconf 87' lang='lat' dir='ltr'><strong>dispensatorem</strong></span> <span class='ocrx_word' id='word_1_178' title='bbox 610 2329 770 2418; x_wconf 87' lang='lat' dir='ltr'><strong>iniquum,</strong></span> <span class='ocrx_word' id='word_1_179' title='bbox 805 2327 895 2418; x_wconf 91' lang='lat' dir='ltr'><strong>quod</strong></span> <span class='ocrx_word' id='word_1_180' title='bbox 925 2329 1104 2420; x_wconf 87' lang='lat' dir='ltr'><strong>prudenter</strong></span> <span class='ocrx_word' id='word_1_181' title='bbox 1128 2328 1246 2420; x_wconf 55' lang='lat' dir='ltr'><strong>iecisset,</strong></span> 
     </span>
     <span class='ocr_line' id='line_1_21' title="bbox 127 2429 1246 2521; baseline -0.004 -23"><span class='ocrx_word' id='word_1_182' title='bbox 127 2433 202 2521; x_wconf 80' lang='lat' dir='ltr'><strong>quia</strong></span> <span class='ocrx_word' id='word_1_183' title='bbox 229 2429 290 2496; x_wconf 88' lang='lat' dir='ltr'><strong>iiiii</strong></span> <span class='ocrx_word' id='word_1_184' title='bbox 316 2431 411 2498; x_wconf 87' lang='lat' dir='ltr'><strong>buius</strong></span> <span class='ocrx_word' id='word_1_185' title='bbox 439 2429 560 2499; x_wconf 84' lang='lat' dir='ltr'><strong>saeculi</strong></span> <span class='ocrx_word' id='word_1_186' title='bbox 587 2430 814 2518; x_wconf 84' lang='lat' dir='ltr'><strong>prudentiores</strong></span> <span class='ocrx_word' id='word_1_187' title='bbox 841 2441 916 2498; x_wconf 87' lang='lat' dir='ltr'><strong>aunt</strong></span> <span class='ocrx_word' id='word_1_188' title='bbox 941 2433 1023 2502; x_wconf 84' lang='lat' dir='ltr'><strong>liliis</strong></span> <span class='ocrx_word' id='word_1_189' title='bbox 1050 2433 1129 2500; x_wconf 87' lang='lat' dir='ltr'><strong>incia</strong></span> <span class='ocrx_word' id='word_1_190' title='bbox 1147 2432 1175 2496; x_wconf 89' lang='lat' dir='ltr'><strong>iu</strong></span> <span class='ocrx_word' id='word_1_191' title='bbox 1190 2448 1246 2494; x_wconf 48' lang='lat' dir='ltr'><strong>na¹</strong></span> 
     </span>
     <span class='ocr_line' id='line_1_22' title="bbox 126 2530 1246 2619; baseline -0.005 -18"><span class='ocrx_word' id='word_1_192' title='bbox 126 2538 216 2601; x_wconf 88' lang='lat' dir='ltr'><strong>tione</strong></span> <span class='ocrx_word' id='word_1_193' title='bbox 243 2554 311 2598; x_wconf 89' lang='lat' dir='ltr'><strong>sna.</strong></span> <span class='ocrx_word' id='word_1_194' title='bbox 364 2537 397 2600; x_wconf 82' lang='lat' dir='ltr'><strong>a.</strong></span> <span class='ocrx_word' id='word_1_195' title='bbox 427 2530 681 2619; x_wconf 71' lang='lat' dir='ltr'><strong>irrogaveras</strong></span> <span class='ocrx_word' id='word_1_196' title='bbox 709 2534 799 2614; x_wconf 87' lang='lat' dir='ltr'><strong>dieo,</strong></span> <span class='ocrx_word' id='word_1_197' title='bbox 831 2533 925 2600; x_wconf 86' lang='lat' dir='ltr'><strong>iacite</strong></span> <span class='ocrx_word' id='word_1_198' title='bbox 949 2535 1051 2602; x_wconf 85' lang='lat' dir='ltr'><strong>vobis</strong></span> <span class='ocrx_word' id='word_1_199' title='bbox 1079 2537 1184 2600; x_wconf 87' lang='lat' dir='ltr'><strong>amiens</strong></span> <span class='ocrx_word' id='word_1_200' title='bbox 1203 2541 1246 2594; x_wconf 66' lang='lat' dir='ltr'><strong>ert</strong></span> 
     </span>
     <span class='ocr_line' id='line_1_23' title="bbox 29 2633 1229 2728; baseline -0.004 -25"><span class='ocrx_word' id='word_1_201' title='bbox 29 2673 36 2680; x_wconf 89' lang='lat'>-</span> <span class='ocrx_word' id='word_1_202' title='bbox 125 2656 306 2704; x_wconf 85' lang='lat' dir='ltr'><strong>mammona</strong></span> <span class='ocrx_word' id='word_1_203' title='bbox 332 2636 468 2712; x_wconf 90' lang='lat' dir='ltr'><strong>iniusto,</strong></span> <span class='ocrx_word' id='word_1_204' title='bbox 503 2645 554 2716; x_wconf 92' lang='lat' dir='ltr'><strong>ut,</strong></span> <span class='ocrx_word' id='word_1_205' title='bbox 593 2657 691 2723; x_wconf 92' lang='lat' dir='ltr'><strong>quum</strong></span> <span class='ocrx_word' id='word_1_206' title='bbox 720 2635 914 2719; x_wconf 78' lang='lat' dir='ltr'><strong>defeceritis,</strong></span> <span class='ocrx_word' id='word_1_207' title='bbox 950 2640 1109 2728; x_wconf 82' lang='lat' dir='ltr'><strong>recipient</strong></span> <span class='ocrx_word' id='word_1_208' title='bbox 1137 2657 1186 2704; x_wconf 88' lang='lat' dir='ltr'><strong>vos</strong></span> <span class='ocrx_word' id='word_1_209' title='bbox 1207 2633 1229 2696; x_wconf 85' lang='lat' dir='ltr'><strong>in</strong></span> 
     </span>
     <span class='ocr_line' id='line_1_24' title="bbox 126 2735 1246 2826; baseline 0 -20"><span class='ocrx_word' id='word_1_210' title='bbox 126 2750 255 2806; x_wconf 85' lang='lat' dir='ltr'><strong>aeterua</strong></span> <span class='ocrx_word' id='word_1_211' title='bbox 284 2735 499 2806; x_wconf 76' lang='lat' dir='ltr'><strong>tabernaculo,</strong></span> <span class='ocrx_word' id='word_1_212' title='bbox 551 2737 603 2804; x_wconf 86' lang='lat'><strong>10.</strong></span> <span class='ocrx_word' id='word_1_213' title='bbox 631 2737 699 2826; x_wconf 84' lang='lat' dir='ltr'><strong>Qui</strong></span> <span class='ocrx_word' id='word_1_214' title='bbox 726 2736 834 2806; x_wconf 84' lang='lat' dir='ltr'><strong>fidelia</strong></span> <span class='ocrx_word' id='word_1_215' title='bbox 862 2749 911 2806; x_wconf 86' lang='lat' dir='ltr'><strong>est</strong></span> <span class='ocrx_word' id='word_1_216' title='bbox 936 2741 970 2806; x_wconf 93' lang='lat' dir='ltr'><strong>in</strong></span> <span class='ocrx_word' id='word_1_217' title='bbox 996 2743 1141 2820; x_wconf 81' lang='lat' dir='ltr'><strong>miniano,</strong></span> <span class='ocrx_word' id='word_1_218' title='bbox 1166 2749 1191 2803; x_wconf 91' lang='lat' dir='ltr'><strong>et</strong></span> <span class='ocrx_word' id='word_1_219' title='bbox 1207 2737 1246 2806; x_wconf 75' lang='lat' dir='ltr'><strong>inr</strong></span> 
     </span>
     <span class='ocr_line' id='line_1_25' title="bbox 125 2833 1246 2930; baseline -0.003 -23"><span class='ocrx_word' id='word_1_220' title='bbox 125 2839 226 2907; x_wconf 90' lang='lat' dir='ltr'><strong>multo</strong></span> <span class='ocrx_word' id='word_1_221' title='bbox 254 2839 361 2906; x_wconf 85' lang='lat' dir='ltr'><strong>fidelis</strong></span> <span class='ocrx_word' id='word_1_222' title='bbox 389 2850 455 2906; x_wconf 88' lang='lat' dir='ltr'><strong>eat:</strong></span> <span class='ocrx_word' id='word_1_223' title='bbox 491 2848 523 2906; x_wconf 84' lang='lat' dir='ltr'><strong>et</strong></span> <span class='ocrx_word' id='word_1_224' title='bbox 549 2842 605 2926; x_wconf 92' lang='lat' dir='ltr'><strong>qui</strong></span> <span class='ocrx_word' id='word_1_225' title='bbox 631 2842 666 2910; x_wconf 90' lang='lat' dir='ltr'><strong>in</strong></span> <span class='ocrx_word' id='word_1_226' title='bbox 695 2843 827 2907; x_wconf 90' lang='lat' dir='ltr'><strong>minimo</strong></span> <span class='ocrx_word' id='word_1_227' title='bbox 854 2843 985 2930; x_wconf 87' lang='lat' dir='ltr'><strong>iniquus</strong></span> <span class='ocrx_word' id='word_1_228' title='bbox 1017 2855 1082 2925; x_wconf 89' lang='lat' dir='ltr'><strong>est,</strong></span> <span class='ocrx_word' id='word_1_229' title='bbox 1110 2833 1246 2908; x_wconf 76' lang='lat' dir='ltr'><strong>ieetitl</strong></span> 
     </span>
     <span class='ocr_line' id='line_1_26' title="bbox 125 2939 1231 3032; baseline -0.005 -22"><span class='ocrx_word' id='word_1_230' title='bbox 125 2943 226 3010; x_wconf 92' lang='lat' dir='ltr'><strong>multo</strong></span> <span class='ocrx_word' id='word_1_231' title='bbox 248 2945 378 3032; x_wconf 89' lang='lat' dir='ltr'><strong>iniquus</strong></span> <span class='ocrx_word' id='word_1_232' title='bbox 402 2951 458 3008; x_wconf 86' lang='lat' dir='ltr'><strong>est.</strong></span> <span class='ocrx_word' id='word_1_233' title='bbox 513 2941 566 3008; x_wconf 90' lang='lat' dir='ltr'><strong>ll.</strong></span> <span class='ocrx_word' id='word_1_234' title='bbox 594 2941 630 3010; x_wconf 84' lang='lat' dir='ltr'><strong>st</strong></span> <span class='ocrx_word' id='word_1_235' title='bbox 652 2966 730 3032; x_wconf 85' lang='lat' dir='ltr'><strong>ergo</strong></span> <span class='ocrx_word' id='word_1_236' title='bbox 752 2945 786 3010; x_wconf 91' lang='lat' dir='ltr'><strong>in</strong></span> <span class='ocrx_word' id='word_1_237' title='bbox 807 2945 921 3032; x_wconf 90' lang='lat' dir='ltr'><strong>iniquo</strong></span> <span class='ocrx_word' id='word_1_238' title='bbox 944 2967 1126 3014; x_wconf 86' lang='lat' dir='ltr'><strong>mammona</strong></span> <span class='ocrx_word' id='word_1_239' title='bbox 1146 2939 1231 3010; x_wconf 80' lang='lat' dir='ltr'><strong>fideles</strong></span> 
     </span>
     <span class='ocr_line' id='line_1_27' title="bbox 125 3041 1231 3135; baseline -0.007 -21"><span class='ocrx_word' id='word_1_240' title='bbox 125 3067 193 3114; x_wconf 90' lang='lat' dir='ltr'><strong>non</strong></span> <span class='ocrx_word' id='word_1_241' title='bbox 214 3047 333 3126; x_wconf 78' lang='lat' dir='ltr'><strong>inistis,</strong></span> <span class='ocrx_word' id='word_1_242' title='bbox 361 3045 451 3132; x_wconf 89' lang='lat' dir='ltr'><strong>qnod</strong></span> <span class='ocrx_word' id='word_1_243' title='bbox 477 3065 588 3114; x_wconf 87' lang='lat' dir='ltr'><strong>verum</strong></span> <span class='ocrx_word' id='word_1_244' title='bbox 611 3057 672 3126; x_wconf 86' lang='lat' dir='ltr'><strong>est,</strong></span> <span class='ocrx_word' id='word_1_245' title='bbox 698 3050 772 3135; x_wconf 89' lang='lat' dir='ltr'><strong>quis</strong></span> <span class='ocrx_word' id='word_1_246' title='bbox 800 3046 910 3116; x_wconf 87' lang='lat' dir='ltr'><strong>credet</strong></span> <span class='ocrx_word' id='word_1_247' title='bbox 934 3047 1053 3118; x_wconf 75' lang='lat' dir='ltr'><strong>vobis?</strong></span> <span class='ocrx_word' id='word_1_248' title='bbox 1097 3049 1146 3114; x_wconf 79' lang='lat' dir='ltr'><strong>ln</strong></span> <span class='ocrx_word' id='word_1_249' title='bbox 1164 3041 1231 3112; x_wconf 84' lang='lat' dir='ltr'><strong>Etsi</strong></span> 
     </span>
     <span class='ocr_line' id='line_1_28' title="bbox 125 3145 1232 3240; baseline -0.007 -24"><span class='ocrx_word' id='word_1_250' title='bbox 125 3151 159 3216; x_wconf 90' lang='lat' dir='ltr'><strong>in</strong></span> <span class='ocrx_word' id='word_1_251' title='bbox 181 3149 288 3216; x_wconf 87' lang='lat' dir='ltr'><strong>alieno</strong></span> <span class='ocrx_word' id='word_1_252' title='bbox 313 3147 427 3216; x_wconf 85' lang='lat' dir='ltr'><strong>fldeiea</strong></span> <span class='ocrx_word' id='word_1_253' title='bbox 457 3167 525 3214; x_wconf 92' lang='lat' dir='ltr'><strong>non</strong></span> <span class='ocrx_word' id='word_1_254' title='bbox 557 3147 675 3228; x_wconf 83' lang='lat' dir='ltr'><strong>inistis,</strong></span> <span class='ocrx_word' id='word_1_255' title='bbox 708 3148 797 3238; x_wconf 90' lang='lat' dir='ltr'><strong>quod</strong></span> <span class='ocrx_word' id='word_1_256' title='bbox 824 3161 964 3216; x_wconf 81' lang='lat' dir='ltr'><strong>restrum</strong></span> <span class='ocrx_word' id='word_1_257' title='bbox 987 3161 1052 3231; x_wconf 88' lang='lat' dir='ltr'><strong>est,</strong></span> <span class='ocrx_word' id='word_1_258' title='bbox 1080 3152 1149 3240; x_wconf 85' lang='lat' dir='ltr'><strong>quie</strong></span> <span class='ocrx_word' id='word_1_259' title='bbox 1167 3145 1232 3214; x_wconf 88' lang='lat' dir='ltr'><strong>dabit</strong></span> 
     </span>
     <span class='ocr_line' id='line_1_29' title="bbox 125 3249 1231 3336; baseline 0 -20"><span class='ocrx_word' id='word_1_260' title='bbox 125 3251 240 3322; x_wconf 76' lang='lat' dir='ltr'><strong>vobis?</strong></span> <span class='ocrx_word' id='word_1_261' title='bbox 282 3253 406 3336; x_wconf 81' lang='lat' dir='ltr'><strong>(Paulo</strong></span> <span class='ocrx_word' id='word_1_262' title='bbox 423 3249 525 3336; x_wconf 77' lang='lat' dir='ltr'><strong>poet.)</strong></span> <span class='ocrx_word' id='word_1_263' title='bbox 569 3250 621 3317; x_wconf 77' lang='lat' dir='ltr'><strong>la.</strong></span> <span class='ocrx_word' id='word_1_264' title='bbox 648 3250 840 3318; x_wconf 85' lang='lat' dir='ltr'><strong>Audiebant·</strong></span> <span class='ocrx_word' id='word_1_265' title='bbox 858 3263 961 3318; x_wconf 85' lang='lat' dir='ltr'><strong>antem</strong></span> <span class='ocrx_word' id='word_1_266' title='bbox 989 3251 1071 3320; x_wconf 80' lang='lat' dir='ltr'><strong>bees</strong></span> <span class='ocrx_word' id='word_1_267' title='bbox 1097 3253 1191 3324; x_wconf 85' lang='lat' dir='ltr'><strong>omnia</strong></span> <span class='ocrx_word' id='word_1_268' title='bbox 1209 3251 1231 3310; x_wconf 80' lang='lat' dir='ltr'><strong>tl</strong></span> 
     </span>
     <span class='ocr_line' id='line_1_30' title="bbox 44 3351 1232 3446; baseline -0.003 -26"><span class='ocrx_word' id='word_1_269' title='bbox 44 3408 48 3420; x_wconf 78' lang='grc'><em>,</em></span> <span class='ocrx_word' id='word_1_270' title='bbox 125 3356 300 3446; x_wconf 68' lang='lat' dir='ltr'><strong>Pharisaei,</strong></span> <span class='ocrx_word' id='word_1_271' title='bbox 328 3355 385 3441; x_wconf 92' lang='lat' dir='ltr'><strong>qui</strong></span> <span class='ocrx_word' id='word_1_272' title='bbox 411 3363 503 3420; x_wconf 79' lang='lat' dir='ltr'><strong>eraut</strong></span> <span class='ocrx_word' id='word_1_273' title='bbox 527 3355 632 3434; x_wconf 83' lang='lat' dir='ltr'><strong>avari,</strong></span> <span class='ocrx_word' id='word_1_274' title='bbox 659 3362 691 3419; x_wconf 87' lang='lat' dir='ltr'><strong>et</strong></span> <span class='ocrx_word' id='word_1_275' title='bbox 717 3353 909 3422; x_wconf 87' lang='lat' dir='ltr'><strong>deridebant</strong></span> <span class='ocrx_word' id='word_1_276' title='bbox 930 3356 1030 3424; x_wconf 86' lang='lat' dir='ltr'><strong>illurn.</strong></span> <span class='ocrx_word' id='word_1_277' title='bbox 1081 3357 1132 3422; x_wconf 80' lang='lat'><strong>15.</strong></span> <span class='ocrx_word' id='word_1_278' title='bbox 1150 3357 1185 3420; x_wconf 85' lang='lat' dir='ltr'><strong>Et</strong></span> <span class='ocrx_word' id='word_1_279' title='bbox 1202 3351 1232 3412; x_wconf 77' lang='lat' dir='ltr'><strong>sii</strong></span> 
     </span>
     <span class='ocr_line' id='line_1_31' title="bbox 126 3453 1232 3546; baseline -0.002 -25"><span class='ocrx_word' id='word_1_280' title='bbox 126 3456 204 3534; x_wconf 85' lang='lat' dir='ltr'><strong>iilia,</strong></span> <span class='ocrx_word' id='word_1_281' title='bbox 231 3459 302 3522; x_wconf 85' lang='lat' dir='ltr'><strong>Vos</strong></span> <span class='ocrx_word' id='word_1_282' title='bbox 323 3458 416 3536; x_wconf 86' lang='lat' dir='ltr'><strong>estis,</strong></span> <span class='ocrx_word' id='word_1_283' title='bbox 443 3457 500 3540; x_wconf 92' lang='lat' dir='ltr'><strong>qui</strong></span> <span class='ocrx_word' id='word_1_284' title='bbox 521 3453 698 3522; x_wconf 81' lang='lat' dir='ltr'><strong>iustificatis</strong></span> <span class='ocrx_word' id='word_1_285' title='bbox 721 3479 783 3523; x_wconf 86' lang='lat' dir='ltr'><strong>voe</strong></span> <span class='ocrx_word' id='word_1_286' title='bbox 810 3459 901 3546; x_wconf 86' lang='lat' dir='ltr'><strong>ipsos</strong></span> <span class='ocrx_word' id='word_1_287' title='bbox 929 3479 1038 3525; x_wconf 88' lang='lat' dir='ltr'><strong>coram</strong></span> <span class='ocrx_word' id='word_1_288' title='bbox 1062 3453 1232 3528; x_wconf 77' lang='lat' dir='ltr'><strong>hominibusi</strong></span> 
     </span>
     <span class='ocr_line' id='line_1_32' title="bbox 125 3551 1232 3649; baseline -0.005 -21"><span class='ocrx_word' id='word_1_289' title='bbox 125 3559 217 3628; x_wconf 88' lang='lat' dir='ltr'><strong>Deus</strong></span> <span class='ocrx_word' id='word_1_290' title='bbox 241 3567 344 3624; x_wconf 88' lang='lat' dir='ltr'><strong>autern</strong></span> <span class='ocrx_word' id='word_1_291' title='bbox 366 3555 458 3624; x_wconf 89' lang='lat' dir='ltr'><strong>novit</strong></span> <span class='ocrx_word' id='word_1_292' title='bbox 480 3555 716 3642; x_wconf 86' lang='lat' dir='ltr'><strong>cordavestra,</strong></span> <span class='ocrx_word' id='word_1_293' title='bbox 738 3562 821 3648; x_wconf 88' lang='lat' dir='ltr'><strong>quia,</strong></span> <span class='ocrx_word' id='word_1_294' title='bbox 841 3557 930 3649; x_wconf 90' lang='lat' dir='ltr'><strong>qnod</strong></span> <span class='ocrx_word' id='word_1_295' title='bbox 949 3562 1137 3632; x_wconf 86' lang='lat' dir='ltr'><strong>bominibus</strong></span> <span class='ocrx_word' id='word_1_296' title='bbox 1154 3551 1232 3624; x_wconf 74' lang='lat' dir='ltr'><strong>eresl-</strong></span> 
     </span>
     <span class='ocr_line' id='line_1_33' title="bbox 125 3651 802 3740; baseline 0.001 -12"><span class='ocrx_word' id='word_1_297' title='bbox 125 3681 196 3730; x_wconf 84' lang='lat' dir='ltr'><strong>uuu</strong></span> <span class='ocrx_word' id='word_1_298' title='bbox 218 3669 279 3740; x_wconf 83' lang='lat' dir='ltr'><strong>eat,</strong></span> <span class='ocrx_word' id='word_1_299' title='bbox 300 3657 498 3728; x_wconf 86' lang='lat' dir='ltr'><strong>abominatio</strong></span> <span class='ocrx_word' id='word_1_300' title='bbox 520 3670 568 3726; x_wconf 88' lang='lat' dir='ltr'><strong>est</strong></span> <span class='ocrx_word' id='word_1_301' title='bbox 588 3651 696 3728; x_wconf 79' lang='lat' dir='ltr'><strong>eoram</strong></span> <span class='ocrx_word' id='word_1_302' title='bbox 718 3663 802 3730; x_wconf 90' lang='lat' dir='ltr'><strong>Deo.</strong></span> 
     </span>
    </p>
   </div>
   <div class='ocr_carea' id='block_1_4' title="bbox 98 3823 1246 4464">
    <p class='ocr_par' dir='ltr' id='par_1_4' title="bbox 98 3823 1246 4464">
     <span class='ocr_line' id='line_1_34' title="bbox 201 3823 1231 3912; baseline 0.004 -22"><span class='ocrx_word' id='word_1_303' title='bbox 201 3827 318 3890; x_wconf 84' lang='lat' dir='ltr'><strong>Smnura</strong></span> <span class='ocrx_word' id='word_1_304' title='bbox 337 3829 420 3892; x_wconf 81' lang='lat' dir='ltr'><strong>buiris</strong></span> <span class='ocrx_word' id='word_1_305' title='bbox 440 3827 589 3912; x_wconf 85' lang='lat' dir='ltr'><strong>parabolae</strong></span> <span class='ocrx_word' id='word_1_306' title='bbox 608 3841 666 3905; x_wconf 87' lang='lat' dir='ltr'><strong>est,</strong></span> <span class='ocrx_word' id='word_1_307' title='bbox 691 3831 851 3894; x_wconf 85' lang='lat' dir='ltr'><strong>humaniter</strong></span> <span class='ocrx_word' id='word_1_308' title='bbox 874 3843 904 3896; x_wconf 86' lang='lat' dir='ltr'><strong>et</strong></span> <span class='ocrx_word' id='word_1_309' title='bbox 922 3832 990 3896; x_wconf 84' lang='lat' dir='ltr'><strong>beni</strong></span> <span class='ocrx_word' id='word_1_310' title='bbox 1031 3853 1136 3894; x_wconf 85' lang='lat' dir='ltr'><strong>ecum</strong></span> <span class='ocrx_word' id='word_1_311' title='bbox 1175 3823 1231 3886; x_wconf 84' lang='lat' dir='ltr'><strong>rori-</strong></span> 
     </span>
     <span class='ocr_line' id='line_1_35' title="bbox 127 3903 1233 3989; baseline -0.004 -17"><span class='ocrx_word' id='word_1_312' title='bbox 127 3906 178 3972; x_wconf 81' lang='lat' dir='ltr'><strong>mis</strong></span> <span class='ocrx_word' id='word_1_313' title='bbox 198 3906 303 3966; x_wconf 82' lang='lat' dir='ltr'><strong>nostris</strong></span> <span class='ocrx_word' id='word_1_314' title='bbox 323 3929 386 3970; x_wconf 84' lang='lat' dir='ltr'><strong>essu</strong></span> <span class='ocrx_word' id='word_1_315' title='bbox 404 3909 558 3989; x_wconf 79' lang='lat' dir='ltr'><strong>agendum,</strong></span> <span class='ocrx_word' id='word_1_316' title='bbox 577 3918 625 3980; x_wconf 77' lang='grc'><strong>111,</strong></span> <span class='ocrx_word' id='word_1_317' title='bbox 650 3929 736 3986; x_wconf 83' lang='lat' dir='ltr'><strong>quum</strong></span> <span class='ocrx_word' id='word_1_318' title='bbox 755 3911 789 3970; x_wconf 80' lang='lat' dir='ltr'><strong>ad</strong></span> <span class='ocrx_word' id='word_1_319' title='bbox 809 3911 865 3972; x_wconf 85' lang='lat' dir='ltr'><strong>Dei</strong></span> <span class='ocrx_word' id='word_1_320' title='bbox 883 3909 997 3970; x_wconf 80' lang='lat' dir='ltr'><strong>tribuna</strong></span> <span class='ocrx_word' id='word_1_321' title='bbox 1025 3922 1142 3970; x_wconf 85' lang='lat' dir='ltr'><strong>venturu</strong></span> <span class='ocrx_word' id='word_1_322' title='bbox 1172 3903 1233 3967; x_wconf 66' lang='lat' dir='ltr'><strong>uarii</strong></span> 
     </span>
     <span class='ocr_line' id='line_1_36' title="bbox 127 3981 1232 4066; baseline -0.003 -19"><span class='ocrx_word' id='word_1_323' title='bbox 127 3983 298 4046; x_wconf 76' lang='lat' dir='ltr'><strong>liberalitatis</strong></span> <span class='ocrx_word' id='word_1_324' title='bbox 322 3995 437 4045; x_wconf 83' lang='lat' dir='ltr'><strong>nostrae</strong></span> <span class='ocrx_word' id='word_1_325' title='bbox 462 3983 571 4044; x_wconf 77' lang='lat' dir='ltr'><strong>leucius</strong></span> <span class='ocrx_word' id='word_1_326' title='bbox 597 3984 631 4042; x_wconf 84' lang='lat' dir='ltr'><strong>ad</strong></span> <span class='ocrx_word' id='word_1_327' title='bbox 655 4005 708 4046; x_wconf 88' lang='lat' dir='ltr'><strong>nos</strong></span> <span class='ocrx_word' id='word_1_328' title='bbox 734 3987 841 4048; x_wconf 86' lang='lat' dir='ltr'><strong>redeat.</strong></span> <span class='ocrx_word' id='word_1_329' title='bbox 887 3985 1055 4066; x_wconf 86' lang='lat' dir='ltr'><strong>Quanquam</strong></span> <span class='ocrx_word' id='word_1_330' title='bbox 1075 3981 1232 4045; x_wconf 68' lang='lat' dir='ltr'><strong>antemium</strong></span> 
     </span>
     <span class='ocr_line' id='line_1_37' title="bbox 127 4049 1233 4144; baseline -0.01 -24"><span class='ocrx_word' id='word_1_331' title='bbox 127 4072 156 4120; x_wconf 84' lang='lat' dir='ltr'><strong>et</strong></span> <span class='ocrx_word' id='word_1_332' title='bbox 174 4060 262 4142; x_wconf 78' lang='lat' dir='ltr'><strong>longe</strong></span> <span class='ocrx_word' id='word_1_333' title='bbox 280 4063 371 4144; x_wconf 86' lang='lat' dir='ltr'><strong>petita</strong></span> <span class='ocrx_word' id='word_1_334' title='bbox 388 4060 501 4122; x_wconf 82' lang='lat' dir='ltr'><strong>videtur</strong></span> <span class='ocrx_word' id='word_1_335' title='bbox 520 4059 683 4136; x_wconf 79' lang='lat' dir='ltr'><strong>similitudo,</strong></span> <span class='ocrx_word' id='word_1_336' title='bbox 704 4063 825 4123; x_wconf 84' lang='lat' dir='ltr'><strong>clausula</strong></span> <span class='ocrx_word' id='word_1_337' title='bbox 839 4075 935 4124; x_wconf 86' lang='lat' dir='ltr'><strong>tamen</strong></span> <span class='ocrx_word' id='word_1_338' title='bbox 950 4063 1085 4137; x_wconf 72' lang='lat' dir='ltr'><strong>ostendit,</strong></span> <span class='ocrx_word' id='word_1_339' title='bbox 1104 4078 1160 4122; x_wconf 92' lang='lat' dir='ltr'><strong>non</strong></span> <span class='ocrx_word' id='word_1_340' title='bbox 1178 4049 1233 4115; x_wconf 85' lang='lat' dir='ltr'><strong>aliod</strong></span> 
     </span>
     <span class='ocr_line' id='line_1_38' title="bbox 128 4134 1233 4230; baseline -0.007 -35"><span class='ocrx_word' id='word_1_341' title='bbox 128 4136 212 4195; x_wconf 83' lang='lat' dir='ltr'><strong>luisse</strong></span> <span class='ocrx_word' id='word_1_342' title='bbox 235 4135 342 4197; x_wconf 77' lang='lat' dir='ltr'><strong>Christi</strong></span> <span class='ocrx_word' id='word_1_343' title='bbox 364 4135 521 4199; x_wconf 77' lang='lat' dir='ltr'><strong>constitum</strong></span> <span class='ocrx_word' id='word_1_344' title='bbox 565 4137 603 4194; x_wconf 85' lang='lat' dir='ltr'><strong>Et</strong></span> <span class='ocrx_word' id='word_1_345' title='bbox 628 4135 695 4200; x_wconf 88' lang='lat' dir='ltr'><strong>hinc</strong></span> <span class='ocrx_word' id='word_1_346' title='bbox 717 4141 916 4230; x_wconf 84' lang='lat' dir='ltr'><strong>perspicimus,</strong></span> <span class='ocrx_word' id='word_1_347' title='bbox 942 4140 1038 4222; x_wconf 87' lang='lat' dir='ltr'><strong>inepte</strong></span> <span class='ocrx_word' id='word_1_348' title='bbox 1062 4159 1111 4199; x_wconf 83' lang='lat' dir='ltr'><strong>eos</strong></span> <span class='ocrx_word' id='word_1_349' title='bbox 1129 4134 1233 4220; x_wconf 80' lang='lat' dir='ltr'><strong>pbiloso-</strong></span> 
     </span>
     <span class='ocr_line' id='line_1_39' title="bbox 127 4211 1234 4309; baseline -0.001 -38"><span class='ocrx_word' id='word_1_350' title='bbox 127 4213 222 4294; x_wconf 86' lang='lat' dir='ltr'><strong>pbari,</strong></span> <span class='ocrx_word' id='word_1_351' title='bbox 248 4211 343 4290; x_wconf 90' lang='lat' dir='ltr'><strong>quiin</strong></span> <span class='ocrx_word' id='word_1_352' title='bbox 382 4211 502 4272; x_wconf 84' lang='lat' dir='ltr'><strong>arabolis</strong></span> <span class='ocrx_word' id='word_1_353' title='bbox 521 4211 643 4294; x_wconf 79' lang='lat' dir='ltr'><strong>singulas</strong></span> <span class='ocrx_word' id='word_1_354' title='bbox 663 4229 758 4298; x_wconf 88' lang='lat' dir='ltr'><strong>partes</strong></span> <span class='ocrx_word' id='word_1_355' title='bbox 778 4215 941 4309; x_wconf 75' lang='lat' dir='ltr'><strong>scrupulose</strong></span> <span class='ocrx_word' id='word_1_356' title='bbox 962 4215 1116 4281; x_wconf 80' lang='lat' dir='ltr'><strong>excutiunt.</strong></span> <span class='ocrx_word' id='word_1_357' title='bbox 1153 4212 1234 4294; x_wconf 64' lang='lat' dir='ltr'><strong>Nequi</strong></span> 
     </span>
     <span class='ocr_line' id='line_1_40' title="bbox 127 4233 1234 4431; baseline 0.005 -85"><span class='ocrx_word' id='word_1_358' title='bbox 127 4287 203 4348; x_wconf 86' lang='lat' dir='ltr'><strong>enim</strong></span> <span class='ocrx_word' id='word_1_359' title='bbox 224 4233 412 4377; x_wconf 36' lang='lat' dir='ltr'><strong>bicolraudlra,</strong></span> <span class='ocrx_word' id='word_1_360' title='bbox 430 4289 553 4431; x_wconf 66' lang='lat' dir='ltr'><strong>rapinas,</strong></span> <span class='ocrx_word' id='word_1_361' title='bbox 571 4289 718 4378; x_wconf 66' lang='lat' dir='ltr'><strong>prodigam</strong></span> <span class='ocrx_word' id='word_1_362' title='bbox 737 4294 957 4376; x_wconf 77' lang='lat' dir='ltr'><strong>dissipationem,</strong></span> <span class='ocrx_word' id='word_1_363' title='bbox 977 4305 1006 4354; x_wconf 90' lang='lat' dir='ltr'><strong>et</strong></span> <span class='ocrx_word' id='word_1_364' title='bbox 1022 4289 1075 4351; x_wconf 78' lang='lat' dir='ltr'><strong>alia</strong></span> <span class='ocrx_word' id='word_1_365' title='bbox 1095 4288 1176 4351; x_wconf 76' lang='lat' dir='ltr'><strong>entre</strong></span> <span class='ocrx_word' id='word_1_366' title='bbox 1191 4285 1234 4342; x_wconf 63' lang='lat'><strong>&amp;¹⁵⁹</strong></span> 
     </span>
     <span class='ocr_line' id='line_1_41' title="bbox 98 4363 1246 4464; baseline 0.005 -41"><span class='ocrx_word' id='word_1_367' title='bbox 98 4453 105 4464; x_wconf 36' lang='grc' dir='ltr'><strong><em>Ι</em></strong></span> <span class='ocrx_word' id='word_1_368' title='bbox 127 4375 301 4446; x_wconf 71' lang='lat' dir='ltr'><strong>pensauren</strong></span> <span class='ocrx_word' id='word_1_369' title='bbox 319 4375 437 4452; x_wconf 81' lang='lat' dir='ltr'><strong>peccata</strong></span> <span class='ocrx_word' id='word_1_370' title='bbox 469 4363 657 4450; x_wconf 76' lang='lat' dir='ltr'><strong>argiuourbur</strong></span> <span class='ocrx_word' id='word_1_371' title='bbox 676 4370 817 4434; x_wconf 85' lang='lat' dir='ltr'><strong>redimere</strong></span> <span class='ocrx_word' id='word_1_372' title='bbox 838 4369 970 4436; x_wconf 74' lang='lat' dir='ltr'><strong>emero</strong></span> <span class='ocrx_word' id='word_1_373' title='bbox 987 4369 1079 4432; x_wconf 74' lang='lat' dir='ltr'><strong>imese</strong></span> <span class='ocrx_word' id='word_1_374' title='bbox 1100 4365 1148 4430; x_wconf 86' lang='lat' dir='ltr'><strong>aed</strong></span> <span class='ocrx_word' id='word_1_375' title='bbox 1164 4372 1246 4460; x_wconf 19' lang='lat' dir='ltr'><strong>quun*</strong></span> 
     </span>
    </p>
   </div>
   <div class='ocr_carea' id='block_1_5' title="bbox 0 0 1261 4852">
    <p class='ocr_par' dir='ltr' id='par_1_5' title="bbox 0 0 1261 4852">
     <span class='ocr_line' id='line_1_42' title="bbox 0 0 1261 4852; baseline 0 0"><span class='ocrx_word' id='word_1_376' title='bbox 0 0 1261 4852; x_wconf 95' lang='lat' dir='ltr'><strong> </strong></span> 
     </span>
    </p>
   </div>
  </div>
 </body>
</html>
