2536 4848
172 229 230 294 m
380 219 532 286 secuto
554 222 590 282 v.
629 221 779 284 Mesenis
798 219 874 282 tran
894 233 1090 284 ramosum

172 369 341 441 Gentium:
382 369 434 436 16.
454 365 610 454 Populus,
629 369 686 454 qui
705 365 845 436 sedebat
864 369 898 434 in
920 365 1072 449 tenebris,
1090 367 1171 434 vidit
1189 368 1260 434 lucer

170 494 329 560 magnam:
348 471 449 559 etqui
468 467 629 536 sedebant
649 471 685 534 in
705 472 841 558 regione
862 467 997 534 umbrae
1017 473 1137 550 mortis,
1155 467 1205 536 lux
1220 481 1260 538 ort

171 584 220 642 est
241 575 298 640 eis.

247 761 295 821 13.
338 750 379 814 Et
399 751 503 814 reliam
524 748 685 812 Naaman
728 751 817 812 Hunc
841 752 985 814 Matthaei
1008 751 1107 815 locum
1136 753 1260 814 narratior

171 833 269 894 laneae
287 831 358 892 ideo
378 828 524 891 subiicere
543 829 638 890 risum
665 839 723 904 est,
748 829 816 908 quia
842 841 1035 890 ea·conteatu
1059 830 1130 891 licet
1149 831 1260 912 colliges

171 930 263 992 quum
292 907 427 970 Christus
456 905 597 966 hactenus
620 903 724 966 solitus
748 918 825 967 esset
850 906 1040 986 frequentare
1069 907 1172 968 urbem
1199 911 1260 970 Nan

171 985 250 1058 reth,
268 996 303 1045 ut
320 980 454 1064 periculo
474 981 606 1056 cederet,
623 981 674 1041 illa
693 1002 813 1063 prorsus
832 980 929 1044 valere
948 984 1039 1056 iussa,
1063 984 1094 1043 iu
1115 985 1157 1046 Ca
1195 1007 1260 1044 rnan

171 1074 203 1124 et
219 1061 328 1124 vicinas
347 1059 436 1121 urbes
454 1059 602 1141 migrasse.
644 1059 729 1120 llaec
753 1058 873 1119 historia
898 1059 970 1118 nibil
997 1059 1087 1120 babet
1112 1063 1139 1121 di
1173 1063 1260 1122 collati

171 1138 228 1200 uisi
247 1137 327 1216 quod
347 1135 510 1196 Matthaeus
520 1133 691 1214 Prophetae
710 1135 880 1197 testimonio
899 1135 1005 1196 abusus
1023 1137 1141 1198 ridetur
1159 1139 1187 1198 in
1205 1137 1260 1197 alin

169 1233 297 1277 senmm.
335 1214 448 1274 Verum
466 1212 491 1272 si
508 1223 659 1272 teneamus
679 1211 840 1292 genuinum
849 1211 1017 1292 Prophetae
1035 1232 1163 1288 sensum,
1181 1227 1237 1296 apta
1252 1233 1260 1274 e

170 1291 265 1352 facilis
290 1290 349 1350 erit
371 1287 604 1352 accommodatio
629 1287 666 1347 ad
688 1300 876 1380 praesentem
907 1309 1030 1349 causam.
1078 1291 1183 1353 lesaias
1206 1291 1260 1350 enin

169 1363 1260 1526 lii-‘llhinlisli'liillislflil'aiilili‘l’islilltsllsii‘lllnl

169 1516 1259 1680 tldtllltfillsstll‘testibdtfftttiltlssltttll

224 1675 265 1735 u'a
283 1675 363 1734 iusta
379 1683 438 1732 tem
462 1693 496 1732 us
514 1671 653 1751 primum,
672 1691 732 1750 quo
753 1670 856 1731 leviter
875 1691 1014 1751 percussa
1034 1673 1091 1734 luit
1107 1686 1184 1734 terra
1195 1673 1259 1732 Scbc

181 1771 222 1812 ou
252 1761 283 1810 et
310 1691 482 1830 Napbthali:
514 1767 570 1808 uec
599 1746 677 1808 iuxta
707 1757 767 1806 tem
790 1767 823 1807 us
851 1747 1029 1820 secundum,
1082 1771 1151 1810 uum
1181 1749 1260 1832 gravia

167 1827 272 1893 slfficsi
290 1837 360 1888 snut
377 1827 455 1886 iuxta
472 1824 549 1884 riam
567 1823 656 1884 maris
673 1821 750 1884 ultra
786 1820 928 1884 ordenem
947 1825 979 1885 in
998 1771 1134 1889 Galilaea
1146 1826 1260 1886 Gentius

167 1908 215 1968 Po
236 1903 302 1966 ulus
327 1901 405 1962 cuim
430 1899 581 1962 ambulans
604 1902 634 1959 in
659 1897 794 1961 tenebris
816 1898 929 1961 videbit
952 1901 1048 1962 lucem
1074 1923 1202 1986 maguam
1219 1901 1260 1972 (les

167 1989 200 2061 9,
241 1981 273 2060 ..)
309 1978 431 2070 Duplici
450 1975 613 2068 calamitate
632 1977 689 2036 iam
708 1975 842 2055 oppressi
859 1975 1152 2072 fuerautlsraelitac:
1170 1981 1260 2070 primur

167 2051 1260 2214 ffirdildlldldlelluldlledllurlrbdldllddlssigilloldmurnelgldllmqldllldlislllrlcl

168 2211 213 2274 dit
230 2209 287 2289 (ΙΙ.
305 2209 381 2301 Reg.
399 2211 448 2282 15,
466 2213 514 2272 29.
535 2210 625 2281 et18,
642 2209 693 2279 9.).
731 2205 872 2266 Restabat
889 2207 976 2267 tcrtia
996 2209 1105 2286 clades,
1124 2231 1202 2290 quarn
1213 2210 1260 2284 Pro

189 2288 258 2348 heta
277 2305 410 2349 onasum
428 2281 639 2346 atrocissimam
659 2281 724 2344 lore
736 2282 847 2342 dixerat
865 2283 943 2344 circa
962 2283 1051 2344 linem
1072 2288 1165 2347 octavi
1183 2283 1260 2364 capitit

198 2374 373 2426 uocantem
393 2361 424 2422 iu
443 2359 557 2434 verbis,
585 2379 662 2440 quae
692 2357 862 2436 retulimus,
890 2361 1022 2442 sequitur
1045 2363 1199 2456 mitigatio:
1220 2347 1260 2440 qul

167 2442 251 2502 Dens
274 2437 388 2522 populo
413 2459 468 2500 suo
492 2457 611 2496 manum
636 2437 786 2520 porriget,
816 2447 943 2498 mortem
963 2437 1027 2498 lore
1048 2459 1140 2523 magas
1157 2437 1259 2500 tolersbi

168 2517 244 2592 lem,
267 2537 355 2596 mm
380 2515 461 2595 prius
484 2512 596 2574 luerint
614 2512 721 2573 morbi.
759 2512 906 2588 Tametsi,
932 2515 1044 2594 inquit,
1072 2527 1154 2577 totus
1170 2511 1259 2594 populu

168 2593 328 2668 delebitur,
346 2590 395 2652 lux
414 2603 511 2652 umen
530 2589 642 2683 gratiae
659 2587 808 2671 affulgens
828 2589 953 2665 efficiet,
971 2601 1006 2650 ut
1025 2592 1123 2654 minus
1141 2594 1177 2654 sit
1192 2589 1259 2670 caligi

167 2671 215 2730 nis
232 2669 264 2728 iu
283 2666 343 2729 boc
383 2677 514 2726 ostreum
534 2666 655 2726 interitu
662 2707 674 2738 ,
695 2687 782 2745 quam
803 2665 892 2726 luerit
911 2667 942 2728 iu
962 2665 1072 2748 duplici
1093 2669 1173 2730 ruina
1190 2668 1259 2726 decer

165 2742 308 2836 tribuum.
372 2762 443 2803 orro
461 2739 533 2800 mihi
553 2739 673 2800 dubium
687 2761 756 2833 ‘non
776 2753 838 2834 est,
862 2743 934 2834 quie
957 2745 1115 2836 promissio
1140 2745 1173 2806 ad
1194 2755 1259 2836 totns

167 2817 716 2986 editiotalllffiittid
730 2818 1259 2976 lstifflalllltttbllll

165 2974 313 3034 rationem
331 2969 413 3032 urhis
431 2970 657 3054 Hierosolymae
676 2973 875 3054 restringunt,
940 2974 980 3034 asi
991 3025 995 3034 ,
1007 2972 1056 3034 lux
1074 2975 1165 3037 vitalis
1181 2971 1259 3034 reddit

166 3049 273 3124 luerit,
292 3047 361 3110 dum
381 3046 483 3130 lugato
503 3067 575 3132 rege
593 3047 776 3109 Sannaberib
794 3047 890 3109 soluta
899 2993 967 3110 lllrit
986 3049 1113 3113 obsidio.
1151 3053 1259 3114 cenes

167 3136 308 3189 contextu
325 3123 414 3206 plane
438 3123 532 3206 liquet
554 3126 672 3218 lougius
691 3125 839 3205 respicere
857 3124 1046 3206 Prophetam.
1087 3129 1183 3204 Quum
1200 3125 1259 3206 igitu

166 3221 355 3266 communem
383 3201 475 3264 totius
505 3201 655 3263 Ecclesiae
685 3201 926 3262 instaurationem
960 3205 1128 3284 promittat,
1161 3201 1258 3284 sequitu

165 3291 276 3342 terram
296 3278 430 3340 Sebulou
450 3289 482 3339 et
500 3289 610 3339 terram
634 3276 791 3359 Napbthali
817 3289 848 3338 ct
867 3277 1029 3342 Galilaeam
1051 3280 1188 3342 Gentium
1205 3295 1258 3337 cons

165 3356 312 3436 prehendi
329 3357 361 3414 iu
381 3375 633 3430 communalem,
652 3354 758 3434 quibus
776 3353 919 3415 tenebrae
938 3357 1042 3418 mortis
1061 3358 1093 3417 in
1104 3359 1178 3418 ritae
1194 3353 1258 3413 lucen

166 3431 324 3492 mutmdae
344 3442 437 3492 erant.
483 3432 578 3492 liuius
602 3431 675 3492 lucis
699 3431 815 3491 initium
835 3441 865 3491 et
884 3433 966 3511 quasi
991 3453 1098 3494 aurora
1118 3435 1170 3494 luit
1186 3425 1258 3512 popul

166 3507 281 3568 reditus
300 3525 335 3566 ea
351 3506 521 3588 Babylone:
539 3507 658 3568 taudem
678 3504 769 3588 pleno
788 3506 947 3590 splendore
967 3510 1086 3571 emersit
1103 3510 1147 3572 sol
1166 3504 1258 3568 iudeis

168 3583 316 3659 Christus,
337 3583 388 3663 qui
407 3585 510 3646 monis
530 3583 668 3646 tenebras
688 3585 805 3664 penitus
825 3603 880 3645 suo
899 3585 1026 3646 adventu
1044 3585 1178 3648 abolevit.
1211 3581 1258 3639 lan

166 3659 274 3721 Paulus
298 3659 335 3720 ad
360 3657 466 3740 Ephes.
490 3666 695 3741 cap.5,14.,
725 3659 757 3720 in
781 3679 819 3722 eo
849 3660 1003 3742 impletum
1028 3663 1117 3724 luisse
1144 3661 1258 3722 admouet

166 3736 248 3816 quod
267 3735 371 3816 passim
389 3736 520 3798 occurrit
537 3737 615 3818 apud
628 3737 802 3820 Prophetas,
821 3737 917 3819 Surge
929 3739 979 3818 qui
991 3738 1111 3816 dormis,
1130 3743 1258 3810 etesugt

166 3811 336 3873 amortuis.
374 3811 437 3872 Iam
456 3832 546 3891 quum
567 3814 691 3874 sciamus
710 3813 861 3894 spirituale
880 3833 942 3874 esse
956 3813 1066 3876 Christi
1085 3835 1210 3898 regnum,
1225 3823 1258 3894 qt,

166 3907 247 3949 cesse
258 3899 312 3964 cst,
331 3898 366 3949 ut
384 3888 445 3948 eius
464 3899 586 3949 naturae
606 3887 763 3952 luxsalutis
778 3911 864 3971 quam
883 3889 981 3969 allert,
999 3902 1031 3953 et
1041 3889 1175 3972 quicquid
1192 3879 1258 3970 anull

165 3963 203 4026 ab
224 3983 261 4024 eo
286 3962 463 4044 percipimus
488 3963 677 4044 respondeas
716 3965 804 4027 Unde
822 3987 853 4028 se
876 3967 970 4044 uitur,
996 3968 1105 4029 animas
1127 3977 1226 4026 nostras
1241 3969 1258 4014 ¹¹1

165 4040 271 4102 mortis
292 4051 432 4102 aeternae
449 4040 580 4103 tenebris
600 4040 745 4104 demersas
765 4063 843 4119 esse,
856 3989 959 4106 lones
978 4063 1027 4106 eas
1045 4065 1097 4106 sua
1115 4041 1198 4126 gratia
1214 4031 1257 4094 ills·

165 4117 269 4182 mines
305 4115 354 4178 De
373 4118 470 4202 gentis
503 4116 600 4178 uidem
619 4117 734 4180 excidio
752 4139 850 4180 sermo
870 4119 997 4182 habetur
1013 4123 1088 4203 apud
1100 4116 1257 4199 Prophetae

165 4193 218 4256 sed
238 4191 319 4274 quasi
342 4193 373 4256 iu
398 4217 410 4256 s
434 4213 467 4254 ec
501 4215 519 4256 o
545 4193 721 4257 describitur
744 4197 878 4259 conditio
903 4195 1022 4259 humaui
1062 4196 1168 4270 coeris,
1189 4191 1257 4250 donn

166 4269 278 4362 Christi
303 4271 403 4364 gratia·
411 4215 573 4364 liberetur.
616 4271 709 4346 Quod
733 4272 829 4332 lucem
853 4293 899 4335 ma
922 4295 987 4335 nam
1016 4217 1150 4336 ulmeus
1170 4265 1257 4358 llll⁵⁵⁰³

167 4365 218 4426 qur
236 4367 267 4408 su
286 4347 417 4415 moehler
441 4347 592 4425 tacebant,
621 4359 681 4410 tam
711 4347 807 4411 subita
837 4353 900 4413 eti
987 4351 997 4370 ⁰
1033 4348 1154 4414 montio
1175 4345 1257 4404 dmm*
