2504 4852
147 241 187 308 tt
335 231 341 242 ’
373 235 486 306 secr.
505 233 585 304 btv.
623 251 795 305 nuscum
815 225 856 300 si
876 251 1047 306 mucuns

147 389 229 454 candi
248 387 384 454 elisarum
403 389 554 454 declarant.
597 388 666 452 Non
685 391 762 472 qnod
781 409 895 484 semper
915 388 1081 454 necessarius
1098 389 1131 450 sit
1147 384 1186 449 bie
1200 409 1238 474 gr.

148 481 220 544 stus,
241 468 354 547 quoties
394 488 530 541 recanmr,
549 467 598 528 sed
617 468 681 560 spoia
701 487 877 529 ceremonias
897 467 1031 528 hnmanae
1049 467 1184 526 infirmitati
1199 467 1238 525 uti-

148 543 189 606 les
208 543 353 626 negligere
373 489 458 604 litim
475 542 532 604 Dei
551 542 654 603 uoluit:
675 545 746 604 addc
768 543 861 618 etiarn,
881 544 959 624 qnod
979 543 1132 604 excitandae
1148 543 1239 600 tarditati

149 631 267 680 nostrae
285 631 366 700 aptus
384 618 512 682 stimulus
535 631 579 680 est
597 641 707 682 sursum
725 618 826 681 tollere
844 620 956 696 oculor,
979 619 1045 680 dum
1067 629 1165 681 mentes
1181 619 1239 678 ainis

148 696 180 758 iu
200 708 275 756 terra
294 693 450 756 subsidunt.

225 775 273 834 20.
312 772 508 832 Sustulerunt
527 773 609 850 qood
624 773 826 906 sumpserat.
889 791 956 834 uum
975 769 1026 832 rel'
1046 771 1113 843 uiae,
1129 781 1184 852 post
1198 781 1239 829 ua-

149 861 206 911 tarn
226 847 372 908 bominum
390 847 502 908 turbam
520 847 660 923 satiatam,
686 871 747 928 pus
771 848 949 928 duodecuplo
971 791 1048 927 qudd
1069 848 1145 906 initio
1163 868 1240 928 propo

149 925 235 986 ritum
256 923 348 984 mem
373 925 554 995 excederent,
585 924 641 984 boo
663 945 723 984 non
748 945 866 1006 parrum
889 921 1024 984 miraculo
1044 923 1201 1004 splendorem
1214 933 1241 980 rt-

149 1000 223 1062 tulit.
253 1000 303 1060 Sic
322 999 398 1059 enirn
417 1017 516 1059 omnes
536 999 744 1074 intellexeruut,
765 1000 871 1061 Cbrirti
890 999 994 1061 virtute
1013 1021 1073 1060 non
1089 998 1241 1059 medonem

149 1077 205 1138 eibi
227 1075 263 1136 de
286 1073 374 1135 nihilo
399 1095 462 1137 esse
485 1073 632 1149 alimerrta,
660 1097 731 1160 quae
753 1078 788 1137 ad
812 1087 990 1156 praesentem
1012 1095 1093 1138 usum
1111 1074 1241 1146 sufficereut,

150 1173 250 1214 verrem
270 1151 292 1212 si
310 1173 381 1232 opus
400 1161 483 1232 esset,
501 1151 649 1286 provisum
669 1173 782 1232 quoqne
802 1173 862 1212 esse
882 1152 994 1212 suturae
1013 1151 1171 1212 necessitati:
1186 1152 1242 1210 deni·

149 1225 207 1308 'rpue
226 1228 304 1287 edito
326 1223 498 1288 nriraculoC
519 1222 599 1287 ri'stus
624 1228 731 1288 illustre
751 1227 810 1288 eins
828 1229 1031 1292 documentum
1050 1249 1155 1290 rursum
1166 1239 1242 1286 exstare

150 1302 255 1378 uoluit,
280 1301 355 1384 quod
379 1303 445 1364 cibo
467 1303 570 1364 reiecti
591 1321 644 1394 per
669 1304 761 1363 otium
785 1315 954 1384 spectarent.
999 1304 1146 1366 caeteram
1166 1301 1248 1368 unus}

150 1399 245 1459 neque
265 1399 351 1458 panes
371 1379 496 1459 quotidie
518 1379 589 1438 mult
619 1380 685 1440 licat
704 1379 843 1455 Christm,
869 1399 923 1440 nec
942 1379 1005 1442 sine
1024 1381 1119 1440 labore
1136 1377 1248 1460 manuario}

150 1457 196 1518 vel
215 1475 347 1538 agrorum
368 1453 476 1516 cultura
494 1399 739 1534 pascitlromines,
758 1455 839 1517 buius
856 1467 953 1516 tamen
973 1455 1105 1518 historiae
1123 1455 1210 1515 iromus
1221 1453 1248 1512 rl'

150 1553 204 1594 noa
221 1552 310 1612 usque
328 1531 475 1614 pertingit.
519 1533 591 1593 Nam
615 1533 692 1611 quod
711 1551 769 1592 nou
788 1532 985 1613 perspicimus,
1010 1531 1067 1593 Dei
1086 1532 1242 1592 benedictione

148 1607 248 1690 ausgari
272 1607 406 1668 frumenti
430 1607 555 1698 copiam,
584 1610 661 1670 unde
680 1608 763 1667 nobis
781 1608 871 1670 victru
889 1619 1037 1688 suppetat,
1061 1619 1164 1667 onum
1181 1608 1241 1666 om

150 1697 249 1745 nostra
267 1683 395 1744 socordia
414 1693 444 1744 et
463 1683 644 1765 ingratitudo.
675 1685 763 1760 Quod
784 1683 867 1746 etiam
885 1687 1004 1764 sumptis
1023 1684 1157 1744 alimentis
1173 1705 1197 1742 er
1210 1703 1241 1740 ac

149 1781 210 1821 uuo
229 1770 371 1839 proventu
388 1779 486 1819 semen
505 1771 605 1834 restat,
632 1780 691 1820 non
716 1760 777 1820 sine
797 1759 911 1836 coelesti
930 1761 1111 1822 incremento
1128 1759 1180 1820 beri
1194 1757 1241 1838 qu's

149 1833 1238 2000 3331diffidit?,zit‘tinl‘iftlttr‘bslttttst‘tflt,⁹-

150 1996 277 2048 ennam.
315 1987 408 2045 Porro
427 1986 557 2048 ctmsms
574 1998 707 2048 testatum
726 1988 829 2063 voluit,
840 1955 931 2048 'sicuti
950 1989 1050 2050 omnia
1069 1989 1107 2049 illi
1123 1987 1151 2048 in
1167 2005 1240 2046 mann

148 2083 166 2124 a
190 2063 275 2208 llim
297 2061 360 2124 data
382 2074 462 2140 sumt,
488 2062 526 2124 ita
550 2062 644 2140 eibos,
672 2064 774 2147 quibus
797 2065 951 2142 vescimur,
980 2063 1068 2128 nobis
1089 2086 1106 2128 a
1125 2085 1168 2129 ma
1184 2057 1241 2146 gutli

148 2159 202 2220 pro
213 2165 214 2168 ¹
226 2158 303 2200 uere.

236 2417 339 2504 (132.)
385 2417 556 2490 ΜΑΤἹἪ.
582 2421 671 2488 XlV.
723 2420 778 2488 22.
809 2423 851 2490 Et
876 2422 982 2490 statim
1011 2419 1163 2512 compulit
1183 2419 1242 2482 lesu

149 2519 328 2612 discipulos
345 2545 442 2602 suos,
465 2535 500 2592 ut
520 2523 776 2591 conscenderent
795 2527 917 2606 nerim,
939 2535 971 2592 et
992 2524 1207 2622 praecederent
1220 2537 1243 2580 rt

149 2625 184 2690 iu
195 2623 378 2689 ulteriorem
394 2627 502 2714 ripam,
525 2627 630 2694 donec
651 2626 823 2694 dimisisset
843 2626 963 2694 turbas.
1007 2627 1065 2696 23.
1090 2623 1245 2694 Aedintssir

149 2725 267 2805 turbis,
295 2726 439 2794 ascendit
466 2731 501 2798 iu
522 2741 662 2796 montem
686 2730 775 2797 solus
797 2731 838 2798 ud
862 2729 1037 2798 orandum:
1065 2751 1158 2818 quum
1175 2735 1246 2792 autea

148 2828 332 2894 ndvenisset
352 2850 497 2916 vespere,
518 2831 609 2898 solus
631 2841 699 2897 erat
721 2832 797 2899 illic.
839 2833 892 2898 24.
915 2834 1094 2902 Caeterum
1115 2832 1192 2897 nuris
1208 2829 1247 2889 ia!

149 2930 183 2995 iu
206 2927 312 2995 medio
334 2919 430 2998 marie
453 2943 536 3013 erat,
569 2943 600 3010 et
627 2934 839 3018 afflictabatur
865 2934 907 3002 ab
934 2933 1048 3001 undis:
1076 2957 1146 3013 narn
1167 2937 1249 3022 voulut

150 3043 218 3100 crat
240 3032 403 3100 adversus.
447 3036 501 3104 25.
524 3036 647 3122 Quarta
670 3047 774 3104 autem
797 3041 902 3106 noctis
923 3037 1034 3124 vigilia
1057 3037 1134 3104 abiit
1152 3027 1249 3102 adito

150 3135 257 3214 lesus,
285 3134 454 3204 ambulans
477 3159 575 3226 super
595 3159 692 3206 mure.
739 3139 792 3204 26.
812 3139 856 3205 Et
877 3138 936 3205 ubi
962 3139 1116 3206 viderunt
1142 3127 1249 3202 enull-

149 3237 266 3326 scipuli
289 3259 386 3328 super
406 3259 493 3304 mare
514 3239 744 3320 anibulantem,
770 3239 889 3308 turbati
911 3253 999 3322 suut,
1029 3241 1178 3316 diceutes,
1195 3233 1247 3318 spe

148 3351 251 3408 ctrum
273 3352 335 3420 ost,
364 3363 403 3406 ac
427 3363 506 3428 prae
527 3353 614 3410 metu
635 3341 899 3410 exclamaverunt.
948 3347 1002 3413 27.
1024 3343 1092 3411 Sed
1115 3343 1201 3410 statim
1217 3331 1249 3396 lt

148 3452 268 3530 quutus
291 3451 339 3508 est
361 3441 424 3508 illis
445 3444 546 3524 lesus,
569 3443 687 3524 dicens,
711 3445 895 3528 confidito,
917 3469 978 3534 ego
1002 3469 1086 3527 curm,
1105 3467 1146 3512 ne
1164 3452 1249 3506 term·

148 3545 236 3624 urrini.
284 3545 337 3610 28.
363 3543 580 3632 Respondeas
602 3559 706 3614 autem
727 3547 776 3624 illi
798 3549 924 3632 Pctms,
955 3549 1050 3630 dixit,
1078 3535 1247 3616 Dominus

148 3658 184 3714 tu
199 3668 242 3725 cs,
263 3645 374 3720 iubeto
395 3667 446 3714 rue
468 3647 509 3714 ud
528 3658 559 3714 te
579 3653 692 3716 venire
713 3672 812 3737 supcr
833 3673 943 3739 aquas.
986 3651 1042 3716 29.
1065 3652 1108 3717 m
1127 3637 1247 3714 illedirit

148 3749 244 3814 Veni.
273 3749 315 3814 Et
337 3769 435 3837 quum
458 3749 679 3818 descendisset
702 3773 720 3817 c
741 3755 816 3818 navi
838 3753 963 3832 Petrus,
984 3749 1164 3819 ambulabat
1181 3757 1247 3830 sopfl

148 3871 262 3938 aquus,
289 3859 324 3916 ut
345 3850 407 3932 iret
427 3849 469 3918 ad
491 3854 605 3921 lesum.
654 3855 709 3937 30,
737 3853 909 3922 Caeterum
937 3877 1036 3944 qouru
1063 3851 1179 3924 vidcrtl
1196 3859 1247 3906 *ω’

148 3963 215 4022 tum
235 3951 386 4032 validum,
408 3957 536 4022 turritus
559 3966 621 4022 est:
642 3968 673 4022 et
696 3979 794 4044 quum
817 3961 975 4045 coepisset
996 3957 1145 4042 demergi,
1163 3949 1247 4014 dum*

146 4057 193 4121 vit
214 4055 338 4134 dicens,
366 4055 521 4134 Domine,
548 4079 639 4130 serva
668 4079 727 4124 ure.
782 4061 836 4129 31.
864 4060 1032 4136 Continuo
1061 4067 1159 4125 autom
1183 4053 1246 4114 tem

148 4165 272 4224 extenta
293 4178 388 4224 rrrarm
410 4159 621 4246 apprehendit
644 4183 725 4242 cum,
747 4171 778 4230 ct
799 4161 879 4230 dixit
900 4166 938 4244 ci,
959 4163 1100 4248 Exiguae
1119 4155 1186 4228 fidei
1205 4149 1245 4212 ll‘

147 4281 212 4342 uro,
232 4281 291 4333 cur
311 4260 495 4332 monetati?
527 4261 581 4342 32.
603 4262 644 4330 Et
665 4285 765 4352 quum
787 4273 895 4334 esseut
915 4267 1052 4357 ingressi
1067 4263 1172 4338 mrim,
1188 4267 1243 4319 ⁶⁰¹*
