2522 4852
302 257 363 334 (tt.
384 253 509 316 lleditus
528 273 562 314 er
581 254 744 339 Aegypto.)
1051 259 1092 324 83

20 417 48 458 cs
60 409 93 458 cst
107 397 187 458 labori
202 409 268 474 tuo,
287 411 317 459 et
334 417 403 481 spes
422 397 587 460 novissimis
605 399 680 474 tuis,
700 411 757 460 etc.
796 399 880 460 llaec
900 398 989 482 igitur
1007 399 1088 461 simi·

19 474 80 534 hado
94 485 130 536 est
145 475 241 556 prioris
259 474 348 538 cladis
372 481 404 536 in
429 476 511 536 trihu
529 475 683 538 Beniamin
709 487 849 557 acceptae
869 497 935 536 cum
961 474 1015 538 hac
1039 495 1087 537 se·

18 551 86 628 nuda,
101 552 168 632 quod
185 563 305 634 unaque
324 552 527 615 restituendae
546 573 614 612 mor
633 552 734 614 salutis
756 551 938 634 praeludium
958 551 1024 613 luit.

39 783 95 862 (ll)
127 784 288 850 blh'l'l'll.
310 785 348 851 ll.
391 784 441 850 19.
464 785 639 854 Caeterum
663 784 819 850 defuncto
842 784 987 864 Herode,
1010 806 1086 866 occe

17 883 112 968 Angelus
132 885 257 952 Domini
284 907 345 973 per
371 889 530 952 somnium
558 897 693 974 apparet
719 885 838 972 loseph
867 888 901 952 in
923 887 1087 974 Aegypto,
1175 871 1182 888 Χ

15 981 168 1066 llllliseua,
194 988 312 1074 Surge,
346 997 379 1052 et
407 1008 534 1054 assume
561 1009 697 1075 puerum
726 997 758 1052 et
784 987 1024 1066 nomenoius,
1052 979 1104 1052 et

16 1081 63 1146 nde
78 1087 221 1152 interram
242 1088 360 1154 lsrael:
396 1087 543 1153 defuncti
569 1099 645 1154 sunt
672 1090 772 1166 enim,
805 1089 861 1174 qni
883 1087 1086 1174 quaerebant

17 1185 101 1249 nium
117 1192 210 1274 pueri.
250 1187 304 1253 21.
325 1189 369 1254 At
389 1187 447 1254 illc
469 1209 602 1274 surgens
625 1191 793 1274 assumpsit
815 1211 950 1273 puerum
967 1201 999 1256 et
1020 1212 1086 1254 ma-

16 1293 62 1348 ten
76 1285 157 1366 illios,
177 1299 208 1356 et
225 1291 319 1356 venit
340 1291 375 1354 iu
396 1299 516 1354 terram
537 1287 648 1354 lsrael.
689 1289 741 1354 22.
762 1289 886 1354 Verum
908 1313 1006 1376 quum
1028 1309 1085 1356 au-

16 1379 270 1463 decimationum
289 1410 429 1474 regnare
451 1393 485 1454 in
506 1388 629 1454 ludaoa
648 1387 727 1456 loco
745 1389 888 1457 Herodis
909 1393 1084 1476 patrissui,

19 1485 152 1552 tinnitibus
170 1489 277 1556 abire:
305 1489 365 1554 scd
387 1489 521 1556 oraculo
544 1489 730 1556 admonitus
750 1512 811 1576 per
832 1494 1006 1570 somnium,
1032 1513 1083 1557 sc·

24 1587 112 1654 esitio
133 1601 237 1677 partes
261 1589 445 1656 Galilaeae.
486 1591 538 1656 23.
566 1591 644 1678 Quo
673 1587 838 1677 proiectus
864 1588 1022 1658 habitavit
1047 1593 1082 1660 in

22 1681 78 1762 urhe,
101 1713 168 1776 qnae
192 1701 336 1759 vocatur
355 1691 537 1770 Nazareth,
569 1701 605 1756 ut
626 1690 830 1776 impleretur,
849 1691 939 1780 quod
961 1691 1081 1759 dictum

17 1783 77 1852 horat
91 1813 137 1878 per
154 1793 344 1880 Prophetas,
363 1792 553 1858 Nazaraeos
573 1789 752 1858 vocabitur.

15 1985 89 2116 mill
116 1983 260 2068 Defuncto
279 1979 424 2078 Herode:
457 1981 634 2046 Ostenditur
663 1981 835 2118 bishoerhis
886 1987 1083 2050 erseverautia

14 2127 45 2190 llci
57 2061 383 2202 nlb‘dalbllliildclalidtiii
396 2081 433 2229 iri
448 2059 592 2218 ffipffip
611 2059 1082 2228 filzpppeaabpppmgtlpoppppp:

14 2227 50 2266 uos
62 2235 183 2296 nonquam
202 2217 351 2292 frustrata,
371 2235 442 2294 qum
457 2225 627 2296 opportune
646 2211 704 2274 allis
722 2225 882 2274 succurrat.
922 2215 1082 2278 Caeterum

14 2283 110 2374 tubelle
135 2305 190 2368 est,
219 2292 322 2356 statim
354 2303 423 2371 post
440 2290 570 2352 Herodis
594 2302 721 2352 mortem
747 2289 856 2370 loseph
888 2310 922 2350 ex
941 2291 1082 2375 Aegypto

14 2359 94 2452 ψ,
110 2370 272 2451 priusquam
293 2369 445 2450 Augustus
466 2365 575 2429 Caesar
594 2365 772 2426 Archelaum
789 2386 844 2426 suo
865 2366 986 2428 decreto
1007 2391 1082 2430 con-

14 2444 97 2524 flasset
122 2445 243 2508 Iudaeae
279 2443 490 2506 Ethnarcham.
545 2443 626 2518 Quia
661 2441 755 2531 enim·
775 2443 865 2523 patris
903 2454 1082 2509 testamento

14 2529 85 2594 ¹topho
100 2535 156 2583 erat
171 2523 259 2606 regui
284 2541 453 2592 successor,
482 2519 599 2582 tametsi
628 2517 769 2579 abstinuit
793 2539 809 2578 a
839 2519 961 2580 nomine
985 2523 1082 2606 regio,

14 2593 105 2682 aeblus
125 2599 177 2660 hoc
196 2621 212 2660 a
233 2611 313 2660 nutu
333 2608 365 2687 et
387 2596 510 2658 arbitrio
532 2595 667 2658 Caesaris
692 2595 837 2686 pendere,
864 2597 962 2688 omnia
981 2610 1080 2660 tamen

14 2677 278 2814 ttt‘ltfflh
300 2670 1083 2834 ldtl‘,l3t²t,tttl‘ttt,⁰llttttttl'tzz

14 2822 82 2884 teitu
100 2841 175 2890 esset
219 2825 376 2890 Galilaeae
400 2845 472 2888 vero
499 2837 637 2962 praeerat
661 2823 834 2964 Philippus,
864 2827 909 2888 vir
937 2831 1084 2894 mansneti

14 2901 192 2982 *strictiore
211 2905 332 2988 privato
351 2903 461 2966 similis.
514 2904 583 2983 'rgo
603 2903 635 2962 iu
655 2903 715 2964 eiua
756 2902 879 2962 itionem
899 2903 1083 2986 Iosephhu-

14 2977 143 3048 thmuitu
168 2982 333 3055 concessit,
364 2977 433 3060 quia
455 2979 510 3042 auh
535 2977 670 3072 principe
693 2979 815 3040 minime
839 2981 1027 3062 sanguinario
1052 2994 1084 3046 et

14 3055 201 3140 estimantes
225 3059 350 3136 fovente
374 3057 469 3118 miuus
494 3067 559 3118 erat
582 3054 714 3136 penculi.
756 3055 854 3117 Porro
879 3075 996 3138 semper
1018 3077 1084 3120 me-

14 3143 61 3188 nna
75 3135 221 3200 tenendam
248 3146 296 3198 est
312 3133 371 3198 Dei
394 3132 565 3207 consilium,
594 3131 675 3211 quod
693 3130 801 3192 Filium
821 3153 910 3194 ¹sunm
934 3133 971 3193 ah
995 3133 1085 3197 initio

14 3199 121 3270 demtis
143 3209 321 3274 rudimentis
345 3209 542 3285 continuerit,
593 3209 639 3270 uia
663 3209 735 3272 haec
754 3207 797 3268 illi
815 3207 1005 3268 redimendae
1024 3209 1085 3271 Ec-

14 3274 71 3368 ltiss
85 3287 172 3351 lutura
190 3301 258 3352 erat
276 3286 363 3348 ratio.
406 3287 482 3348 Nam
502 3298 533 3348 et
558 3229 626 3348 ideo
647 3283 830 3346 infirmitates
850 3295 965 3346 nostras
983 3285 1085 3362 subiit,

14 3361 93 3442 toruis
115 3365 264 3430 subiectus
283 3363 355 3436 tuit,
383 3375 415 3424 et
437 3359 595 3424 timoribus
623 3361 782 3436 obnoxius,
807 3371 841 3422 nt
857 3359 1019 3422 Ecclesiam
1045 3361 1085 3424 ab

14 3425 125 3522 latens
141 3442 314 3506 nnvirtute
333 3439 487 3502 liberatam
506 3453 625 3502 aeterna
643 3459 717 3522 pace
737 3436 869 3500 donaret
909 3437 1087 3513 Quareeina
1116 3447 1126 3465 Χ

14 3511 117 3580 medum
141 3531 245 3580 nostra
269 3515 326 3578 l'uit
352 3517 509 3592 securitas,
537 3527 633 3578 metus
655 3515 721 3578 eius
743 3527 844 3576 norm
869 3513 989 3577 fiducia:
1022 3535 1086 3577 nou

14 3589 52 3662 nd
66 3591 112 3654 iam
135 3607 207 3658 tunc
233 3593 292 3656 sihi
317 3613 372 3676 per
395 3604 709 3666 aetatemmetueret,
738 3591 790 3652 sed
811 3591 878 3682 qaia
893 3610 957 3732 pro
975 3591 1087 3654 tinore

14 3667 72 3744 &pl
91 3681 119 3730 et
138 3671 251 3734 blaciae
277 3670 333 3730 huc
356 3669 426 3731 illuc
451 3668 730 3742 circumferebatur,
759 3681 867 3730 mento
912 3667 951 3728 ici
975 3679 1088 3751 potest,

14 3757 108 3830 ereptos
130 3747 166 3810 ah
191 3769 232 3811 eo
257 3757 377 3810 aostms
399 3745 538 3824 timores,
566 3758 601 3807 ut
629 3743 816 3825 tranquillum
839 3744 975 3808 fiduciam
998 3743 1087 3834 achia

14 3835 293 3980 lllioebmm
309 3897 466 3963 wmttm.
503 3899 573 3962 Neu
595 3897 714 3962 deducit
729 3896 894 3990 Matthaeus
904 3897 1086 3960 Nazaraeum

24 3969 148 4040 haureths
167 3979 251 4072 quasi
275 3979 313 4040 ait
339 3977 411 4039 bace
434 3976 555 4060 propria
574 3987 606 4038 et
623 3987 704 4038 certa
724 3974 920 4058 etymologia,
948 3976 1001 4037 sed
1018 3986 1087 4065 tan·

14 4065 40 4102 m
55 4063 89 4110 cst
105 4054 214 4120 allusio.
255 4053 416 4116 Caeterum
435 4073 493 4118 ana
512 4066 645 4115 sanctum
674 4063 705 4112 et
723 4052 791 4112 Deo
816 4064 1021 4114 consecratum
1044 4071 1086 4110 sr-

14 4129 181 4219 n'icataan,
202 4137 283 4220 quod
303 4151 348 4200 est
365 4155 512 4220 separare.
551 4135 682 4199 Hebraei
693 4133 812 4214 quidem
831 4152 878 4200 aaa
897 4132 1004 4194 florem
1023 4125 1087 4221 [ael

14 4219 76 4288 ΝΜ,
91 4217 257 4280 diadematis
268 4215 398 4302 insigne]
419 4215 579 4300 appellant,
598 4215 649 4277 sed
663 4215 784 4278 minime
804 4213 924 4276 dubium
943 4221 998 4301 est,
1017 4225 1091 4298 quan

14 4299 81 4350 num
98 4291 174 4356 illum
194 4295 325 4377 priorem
342 4319 355 4356 s
379 4294 518 4356 ectaverit
533 4293 708 4354 Matthaeus.
746 4294 897 4372 Nusquam
916 4306 995 4346 enam
1013 4281 1090 4362 legr-

14 4375 55 4436 ’ἡ
68 4369 225 4436 Nazaraeos
242 4374 342 4436 vocari
357 4317 502 4448 boridos,
520 4372 572 4432 scd
597 4369 648 4451 qui
666 4367 799 4509 Domgup
821 4361 987 4428 cousecrsti
1005 4367 1091 4420 erant
