<?xml version="1.0" encoding="UTF-8"?>
<!DOCTYPE html PUBLIC "-//W3C//DTD XHTML 1.0 Transitional//EN"
    "http://www.w3.org/TR/xhtml1/DTD/xhtml1-transitional.dtd">
<html xmlns="http://www.w3.org/1999/xhtml" xml:lang="en" lang="en">
 <head>
  <title>
</title>
<meta http-equiv="Content-Type" content="text/html;charset=utf-8" />
  <meta name='ocr-system' content='tesseract 3.04.00' />
  <meta name='ocr-capabilities' content='ocr_page ocr_carea ocr_par ocr_line ocrx_word'/>
</head>
<body>
  <div class='ocr_page' id='page_1' title='image "./ioanniscalvinii01calvgoog_0580.png"; bbox 0 0 2574 4848; ppageno 0'>
   <div class='ocr_carea' id='block_1_1' title="bbox 203 273 1117 358">
    <p class='ocr_par' dir='ltr' id='par_1_1' title="bbox 203 273 1117 358">
     <span class='ocr_line' id='line_1_1' title="bbox 203 273 1117 358; baseline 0.013 -22"><span class='ocrx_word' id='word_1_1' title='bbox 203 273 366 348; x_wconf 76' lang='lat' dir='ltr'><strong>(tut-tt.</strong></span> <span class='ocrx_word' id='word_1_2' title='bbox 406 273 581 358; x_wconf 79' lang='lat' dir='ltr'><strong>Arrogantie</strong></span> <span class='ocrx_word' id='word_1_3' title='bbox 599 273 696 337; x_wconf 78' lang='lat' dir='ltr'><strong>iacobi</strong></span> <span class='ocrx_word' id='word_1_4' title='bbox 714 289 744 339; x_wconf 91' lang='lat' dir='ltr'><strong>et</strong></span> <span class='ocrx_word' id='word_1_5' title='bbox 762 277 901 358; x_wconf 75' lang='lat' dir='ltr'><strong>torum)</strong></span> <span class='ocrx_word' id='word_1_6' title='bbox 1060 285 1117 348; x_wconf 79' lang='lat' dir='ltr'><strong>tm</strong></span> 
     </span>
    </p>
   </div>
   <div class='ocr_carea' id='block_1_2' title="bbox 13 423 1117 1334">
    <p class='ocr_par' dir='ltr' id='par_1_2' title="bbox 13 423 1117 1334">
     <span class='ocr_line' id='line_1_2' title="bbox 84 423 1112 518; baseline 0.013 -29"><span class='ocrx_word' id='word_1_7' title='bbox 84 425 189 508; x_wconf 85' lang='grc'><strong>(165.)</strong></span> <span class='ocrx_word' id='word_1_8' title='bbox 230 423 400 494; x_wconf 54' lang='lat' dir='ltr'><strong>mntem</strong></span> <span class='ocrx_word' id='word_1_9' title='bbox 423 427 490 492; x_wconf 82' lang='lat' dir='ltr'><strong>XX.</strong></span> <span class='ocrx_word' id='word_1_10' title='bbox 533 428 586 494; x_wconf 80' lang='grc'><strong>24.</strong></span> <span class='ocrx_word' id='word_1_11' title='bbox 614 428 657 496; x_wconf 86' lang='lat' dir='ltr'><strong>Et</strong></span> <span class='ocrx_word' id='word_1_12' title='bbox 683 451 781 518; x_wconf 88' lang='lat' dir='ltr'><strong>quum</strong></span> <span class='ocrx_word' id='word_1_13' title='bbox 809 431 972 500; x_wconf 77' lang='lat' dir='ltr'><strong>audissent</strong></span> <span class='ocrx_word' id='word_1_14' title='bbox 993 433 1112 516; x_wconf 86' lang='lat' dir='ltr'><strong>decern,</strong></span> 
     </span>
     <span class='ocr_line' id='line_1_3' title="bbox 15 525 1115 614; baseline 0.012 -22"><span class='ocrx_word' id='word_1_15' title='bbox 15 525 144 614; x_wconf 78' lang='lat' dir='ltr'><strong>indignati</strong></span> <span class='ocrx_word' id='word_1_16' title='bbox 164 539 237 596; x_wconf 80' lang='lat' dir='ltr'><strong>snut</strong></span> <span class='ocrx_word' id='word_1_17' title='bbox 258 527 299 596; x_wconf 92' lang='lat' dir='ltr'><strong>de</strong></span> <span class='ocrx_word' id='word_1_18' title='bbox 322 527 450 598; x_wconf 82' lang='lat' dir='ltr'><strong>dnobus</strong></span> <span class='ocrx_word' id='word_1_19' title='bbox 472 527 632 598; x_wconf 79' lang='lat' dir='ltr'><strong>iratribus.</strong></span> <span class='ocrx_word' id='word_1_20' title='bbox 675 532 728 598; x_wconf 94' lang='grc'><strong>25.</strong></span> <span class='ocrx_word' id='word_1_21' title='bbox 751 535 841 601; x_wconf 83' lang='lat' dir='ltr'><strong>ieeur</strong></span> <span class='ocrx_word' id='word_1_22' title='bbox 863 545 967 602; x_wconf 81' lang='lat' dir='ltr'><strong>eutem</strong></span> <span class='ocrx_word' id='word_1_23' title='bbox 987 542 1115 606; x_wconf 79' lang='lat' dir='ltr'><strong>vocarit</strong></span> 
     </span>
     <span class='ocr_line' id='line_1_4' title="bbox 15 630 1116 722; baseline 0.011 -28"><span class='ocrx_word' id='word_1_24' title='bbox 15 630 110 696; x_wconf 79' lang='lat' dir='ltr'><strong>enred</strong></span> <span class='ocrx_word' id='word_1_25' title='bbox 130 653 177 709; x_wconf 84' lang='lat' dir='ltr'><strong>se,</strong></span> <span class='ocrx_word' id='word_1_26' title='bbox 205 642 236 696; x_wconf 90' lang='lat' dir='ltr'><strong>et</strong></span> <span class='ocrx_word' id='word_1_27' title='bbox 257 636 312 710; x_wconf 84' lang='lat' dir='ltr'><strong>eit,</strong></span> <span class='ocrx_word' id='word_1_28' title='bbox 340 633 449 710; x_wconf 75' lang='lat' dir='ltr'><strong>Scitis,</strong></span> <span class='ocrx_word' id='word_1_29' title='bbox 477 631 567 720; x_wconf 84' lang='lat' dir='ltr'><strong>qnod</strong></span> <span class='ocrx_word' id='word_1_30' title='bbox 594 635 756 722; x_wconf 78' lang='lat' dir='ltr'>principes</span> <span class='ocrx_word' id='word_1_31' title='bbox 782 640 921 722; x_wconf 81' lang='lat' dir='ltr'><strong>gentium</strong></span> <span class='ocrx_word' id='word_1_32' title='bbox 949 635 1116 706; x_wconf 85' lang='lat' dir='ltr'><strong>dominen-</strong></span> 
     </span>
     <span class='ocr_line' id='line_1_5' title="bbox 15 733 1113 822; baseline 0.011 -26"><span class='ocrx_word' id='word_1_33' title='bbox 15 745 52 798; x_wconf 91' lang='lat' dir='ltr'><strong>tnr</strong></span> <span class='ocrx_word' id='word_1_34' title='bbox 69 733 134 812; x_wconf 81' lang='lat' dir='ltr'><strong>itus,</strong></span> <span class='ocrx_word' id='word_1_35' title='bbox 155 743 184 798; x_wconf 89' lang='lat' dir='ltr'><strong>et</strong></span> <span class='ocrx_word' id='word_1_36' title='bbox 206 736 260 820; x_wconf 88' lang='lat' dir='ltr'><strong>qni</strong></span> <span class='ocrx_word' id='word_1_37' title='bbox 282 736 387 820; x_wconf 84' lang='lat' dir='ltr'><strong>rnegni</strong></span> <span class='ocrx_word' id='word_1_38' title='bbox 410 745 491 812; x_wconf 84' lang='lat' dir='ltr'><strong>sunt,</strong></span> <span class='ocrx_word' id='word_1_39' title='bbox 515 744 701 822; x_wconf 79' lang='lat' dir='ltr'><strong>potestatem</strong></span> <span class='ocrx_word' id='word_1_40' title='bbox 725 749 894 804; x_wconf 77' lang='lat' dir='ltr'><strong>exerceant</strong></span> <span class='ocrx_word' id='word_1_41' title='bbox 913 743 951 807; x_wconf 84' lang='lat' dir='ltr'><strong>&#39;in</strong></span> <span class='ocrx_word' id='word_1_42' title='bbox 973 761 1038 808; x_wconf 79' lang='lat' dir='ltr'><strong>ens.</strong></span> <span class='ocrx_word' id='word_1_43' title='bbox 1059 741 1113 808; x_wconf 81' lang='grc'><strong>26.</strong></span> 
     </span>
     <span class='ocr_line' id='line_1_6' title="bbox 13 835 1117 924; baseline 0.009 -24"><span class='ocrx_word' id='word_1_44' title='bbox 13 837 70 900; x_wconf 71' lang='lat' dir='ltr'><strong>Non</strong></span> <span class='ocrx_word' id='word_1_45' title='bbox 89 839 127 900; x_wconf 82' lang='lat' dir='ltr'><strong>ita</strong></span> <span class='ocrx_word' id='word_1_46' title='bbox 148 837 206 902; x_wconf 88' lang='lat' dir='ltr'><strong>erit</strong></span> <span class='ocrx_word' id='word_1_47' title='bbox 226 837 308 903; x_wconf 90' lang='lat' dir='ltr'><strong>inter</strong></span> <span class='ocrx_word' id='word_1_48' title='bbox 327 858 396 922; x_wconf 79' lang='lat' dir='ltr'><strong>ver,</strong></span> <span class='ocrx_word' id='word_1_49' title='bbox 419 835 476 902; x_wconf 79' lang='lat' dir='ltr'><strong>sed</strong></span> <span class='ocrx_word' id='word_1_50' title='bbox 498 841 684 924; x_wconf 89' lang='lat' dir='ltr'><strong>quicunque</strong></span> <span class='ocrx_word' id='word_1_51' title='bbox 705 839 844 907; x_wconf 86' lang='lat' dir='ltr'><strong>voluerit</strong></span> <span class='ocrx_word' id='word_1_52' title='bbox 864 843 948 909; x_wconf 90' lang='lat' dir='ltr'><strong>inter</strong></span> <span class='ocrx_word' id='word_1_53' title='bbox 968 863 1028 912; x_wconf 85' lang='lat' dir='ltr'><strong>voe</strong></span> <span class='ocrx_word' id='word_1_54' title='bbox 1049 866 1117 910; x_wconf 63' lang='lat' dir='ltr'><strong>me»</strong></span> 
     </span>
     <span class='ocr_line' id='line_1_7' title="bbox 13 937 1114 1027; baseline 0.012 -27"><span class='ocrx_word' id='word_1_55' title='bbox 13 958 74 1020; x_wconf 71' lang='lat' dir='ltr'><strong>pune</strong></span> <span class='ocrx_word' id='word_1_56' title='bbox 87 937 160 1020; x_wconf 77' lang='lat' dir='ltr'><strong>fieri,</strong></span> <span class='ocrx_word' id='word_1_57' title='bbox 182 942 223 1004; x_wconf 83' lang='lat' dir='ltr'><strong>eit</strong></span> <span class='ocrx_word' id='word_1_58' title='bbox 244 950 353 1004; x_wconf 72' lang='lat' dir='ltr'><strong>venter</strong></span> <span class='ocrx_word' id='word_1_59' title='bbox 373 941 531 1004; x_wconf 73' lang='lat' dir='ltr'><strong>minister:</strong></span> <span class='ocrx_word' id='word_1_60' title='bbox 573 937 626 1004; x_wconf 85' lang='grc'><strong>27.</strong></span> <span class='ocrx_word' id='word_1_61' title='bbox 648 941 690 1004; x_wconf 87' lang='grc' dir='ltr'>Ει</span> <span class='ocrx_word' id='word_1_62' title='bbox 711 945 768 1027; x_wconf 91' lang='lat' dir='ltr'><strong>qni</strong></span> <span class='ocrx_word' id='word_1_63' title='bbox 789 941 926 1008; x_wconf 81' lang='lat' dir='ltr'><strong>voluerit</strong></span> <span class='ocrx_word' id='word_1_64' title='bbox 947 947 1031 1011; x_wconf 87' lang='lat' dir='ltr'><strong>inter</strong></span> <span class='ocrx_word' id='word_1_65' title='bbox 1051 963 1114 1014; x_wconf 81' lang='lat' dir='ltr'><strong>voe</strong></span> 
     </span>
     <span class='ocr_line' id='line_1_8' title="bbox 13 1041 1115 1125; baseline 0.009 -21"><span class='ocrx_word' id='word_1_66' title='bbox 13 1043 108 1125; x_wconf 80' lang='lat' dir='ltr'><strong>primus</strong></span> <span class='ocrx_word' id='word_1_67' title='bbox 128 1062 205 1123; x_wconf 83' lang='lat' dir='ltr'><strong>esse,</strong></span> <span class='ocrx_word' id='word_1_68' title='bbox 227 1045 267 1107; x_wconf 81' lang='lat' dir='ltr'><strong>eit</strong></span> <span class='ocrx_word' id='word_1_69' title='bbox 288 1051 394 1107; x_wconf 87' lang='lat' dir='ltr'><strong>vester</strong></span> <span class='ocrx_word' id='word_1_70' title='bbox 416 1063 539 1107; x_wconf 75' lang='lat' dir='ltr'><strong>eerrusr</strong></span> <span class='ocrx_word' id='word_1_71' title='bbox 581 1041 635 1108; x_wconf 81' lang='grc'><strong>28.</strong></span> <span class='ocrx_word' id='word_1_72' title='bbox 658 1041 747 1108; x_wconf 90' lang='lat' dir='ltr'><strong>Sicut</strong></span> <span class='ocrx_word' id='word_1_73' title='bbox 765 1043 866 1109; x_wconf 84' lang='lat' dir='ltr'><strong>Filius</strong></span> <span class='ocrx_word' id='word_1_74' title='bbox 888 1045 1024 1113; x_wconf 80' lang='lat' dir='ltr'><strong>hominis</strong></span> <span class='ocrx_word' id='word_1_75' title='bbox 1047 1068 1115 1114; x_wconf 88' lang='lat' dir='ltr'><strong>non</strong></span> 
     </span>
     <span class='ocr_line' id='line_1_9' title="bbox 13 1143 1113 1237; baseline 0.014 -33"><span class='ocrx_word' id='word_1_76' title='bbox 13 1145 90 1222; x_wconf 84' lang='lat' dir='ltr'><strong>reuit,</strong></span> <span class='ocrx_word' id='word_1_77' title='bbox 109 1153 140 1208; x_wconf 93' lang='grc' dir='ltr'><strong>ιιι</strong></span> <span class='ocrx_word' id='word_1_78' title='bbox 161 1143 223 1209; x_wconf 87' lang='lat' dir='ltr'><strong>sibi</strong></span> <span class='ocrx_word' id='word_1_79' title='bbox 246 1145 458 1224; x_wconf 79' lang='lat' dir='ltr'><strong>ministretur,</strong></span> <span class='ocrx_word' id='word_1_80' title='bbox 486 1143 545 1212; x_wconf 83' lang='lat' dir='ltr'><strong>red</strong></span> <span class='ocrx_word' id='word_1_81' title='bbox 573 1155 607 1210; x_wconf 92' lang='lat' dir='ltr'><strong>ut</strong></span> <span class='ocrx_word' id='word_1_82' title='bbox 629 1146 697 1231; x_wconf 85' lang='lat' dir='ltr'><strong>ipse</strong></span> <span class='ocrx_word' id='word_1_83' title='bbox 723 1147 898 1228; x_wconf 83' lang='lat' dir='ltr'><strong>ministret,</strong></span> <span class='ocrx_word' id='word_1_84' title='bbox 931 1158 1033 1237; x_wconf 86' lang='lat' dir='ltr'><strong>utque</strong></span> <span class='ocrx_word' id='word_1_85' title='bbox 1059 1150 1113 1219; x_wconf 92' lang='lat' dir='ltr'><strong>det</strong></span> 
     </span>
     <span class='ocr_line' id='line_1_10' title="bbox 13 1244 724 1334; baseline 0.008 -28"><span class='ocrx_word' id='word_1_86' title='bbox 13 1247 119 1309; x_wconf 76' lang='lat' dir='ltr'><strong>oninium</strong></span> <span class='ocrx_word' id='word_1_87' title='bbox 141 1267 228 1311; x_wconf 80' lang='lat' dir='ltr'><strong>sunm</strong></span> <span class='ocrx_word' id='word_1_88' title='bbox 250 1245 503 1334; x_wconf 79' lang='lat' dir='ltr'><strong>redemptionem</strong></span> <span class='ocrx_word' id='word_1_89' title='bbox 524 1266 585 1334; x_wconf 91' lang='lat' dir='ltr'><strong>pro</strong></span> <span class='ocrx_word' id='word_1_90' title='bbox 607 1244 724 1312; x_wconf 85' lang='lat' dir='ltr'><strong>mnitie.</strong></span> 
     </span>
    </p>
   </div>
   <div class='ocr_carea' id='block_1_3' title="bbox 13 1361 1115 2370">
    <p class='ocr_par' dir='ltr' id='par_1_3' title="bbox 13 1361 1115 2370">
     <span class='ocr_line' id='line_1_11' title="bbox 75 1361 1115 1460; baseline 0.011 -32"><span class='ocrx_word' id='word_1_91' title='bbox 75 1363 208 1434; x_wconf 81' lang='lat' dir='ltr'><strong>MARC.</strong></span> <span class='ocrx_word' id='word_1_92' title='bbox 236 1367 277 1434; x_wconf 85' lang='lat' dir='ltr'><strong>X.</strong></span> <span class='ocrx_word' id='word_1_93' title='bbox 320 1361 374 1432; x_wconf 85' lang='grc'><strong>41.</strong></span> <span class='ocrx_word' id='word_1_94' title='bbox 401 1365 445 1432; x_wconf 80' lang='lat' dir='ltr'><strong>Et</strong></span> <span class='ocrx_word' id='word_1_95' title='bbox 470 1388 569 1454; x_wconf 86' lang='lat' dir='ltr'><strong>quum</strong></span> <span class='ocrx_word' id='word_1_96' title='bbox 597 1363 761 1432; x_wconf 75' lang='lat' dir='ltr'><strong>audissent</strong></span> <span class='ocrx_word' id='word_1_97' title='bbox 787 1364 911 1450; x_wconf 88' lang='lat' dir='ltr'><strong>decem,</strong></span> <span class='ocrx_word' id='word_1_98' title='bbox 939 1379 1115 1460; x_wconf 84' lang='lat' dir='ltr'><strong>coeperunt</strong></span> 
     </span>
     <span class='ocr_line' id='line_1_12' title="bbox 14 1463 1115 1557; baseline 0.011 -29"><span class='ocrx_word' id='word_1_99' title='bbox 14 1463 141 1550; x_wconf 78' lang='lat' dir='ltr'><strong>indignari</strong></span> <span class='ocrx_word' id='word_1_100' title='bbox 163 1467 203 1533; x_wconf 86' lang='lat' dir='ltr'><strong>de</strong></span> <span class='ocrx_word' id='word_1_101' title='bbox 225 1465 349 1534; x_wconf 83' lang='lat' dir='ltr'><strong>leeobo</strong></span> <span class='ocrx_word' id='word_1_102' title='bbox 372 1477 404 1534; x_wconf 87' lang='lat' dir='ltr'><strong>ct</strong></span> <span class='ocrx_word' id='word_1_103' title='bbox 425 1471 556 1536; x_wconf 79' lang='lat' dir='ltr'><strong>terune.</strong></span> <span class='ocrx_word' id='word_1_104' title='bbox 600 1469 652 1533; x_wconf 84' lang='grc'><strong>42.</strong></span> <span class='ocrx_word' id='word_1_105' title='bbox 674 1469 765 1532; x_wconf 81' lang='lat' dir='ltr'><strong>leem</strong></span> <span class='ocrx_word' id='word_1_106' title='bbox 792 1479 910 1548; x_wconf 85' lang='lat' dir='ltr'><strong>eutem,</strong></span> <span class='ocrx_word' id='word_1_107' title='bbox 936 1491 1035 1557; x_wconf 88' lang='lat' dir='ltr'><strong>quum</strong></span> <span class='ocrx_word' id='word_1_108' title='bbox 1055 1495 1115 1542; x_wconf 80' lang='lat' dir='ltr'><strong>vo·</strong></span> 
     </span>
     <span class='ocr_line' id='line_1_13' title="bbox 14 1567 1114 1664; baseline 0.011 -34"><span class='ocrx_word' id='word_1_109' title='bbox 14 1577 90 1632; x_wconf 80' lang='lat' dir='ltr'><strong>usret</strong></span> <span class='ocrx_word' id='word_1_110' title='bbox 110 1589 162 1634; x_wconf 78' lang='lat' dir='ltr'><strong>eor</strong></span> <span class='ocrx_word' id='word_1_111' title='bbox 185 1568 227 1634; x_wconf 86' lang='lat' dir='ltr'><strong>od</strong></span> <span class='ocrx_word' id='word_1_112' title='bbox 250 1589 294 1648; x_wconf 80' lang='lat' dir='ltr'><strong>re,</strong></span> <span class='ocrx_word' id='word_1_113' title='bbox 318 1569 396 1634; x_wconf 90' lang='lat' dir='ltr'><strong>dicit</strong></span> <span class='ocrx_word' id='word_1_114' title='bbox 416 1568 494 1654; x_wconf 79' lang='lat' dir='ltr'><strong>illie,</strong></span> <span class='ocrx_word' id='word_1_115' title='bbox 518 1571 629 1650; x_wconf 72' lang='lat' dir='ltr'><strong>Scitin,</strong></span> <span class='ocrx_word' id='word_1_116' title='bbox 653 1567 743 1658; x_wconf 91' lang='lat' dir='ltr'><strong>quod</strong></span> <span class='ocrx_word' id='word_1_117' title='bbox 766 1572 822 1656; x_wconf 89' lang='lat' dir='ltr'><strong>qni</strong></span> <span class='ocrx_word' id='word_1_118' title='bbox 844 1570 994 1639; x_wconf 82' lang='lat' dir='ltr'><strong>ridentur</strong></span> <span class='ocrx_word' id='word_1_119' title='bbox 1015 1575 1114 1664; x_wconf 89' lang='lat' dir='ltr'><strong>impe·</strong></span> 
     </span>
     <span class='ocr_line' id='line_1_14' title="bbox 13 1669 1114 1762; baseline 0.013 -31"><span class='ocrx_word' id='word_1_120' title='bbox 13 1691 64 1734; x_wconf 83' lang='lat' dir='ltr'><strong>rare</strong></span> <span class='ocrx_word' id='word_1_121' title='bbox 82 1669 237 1757; x_wconf 76' lang='lat' dir='ltr'><strong>gentibus,</strong></span> <span class='ocrx_word' id='word_1_122' title='bbox 258 1669 437 1739; x_wconf 86' lang='lat' dir='ltr'><strong>dominium</strong></span> <span class='ocrx_word' id='word_1_123' title='bbox 459 1678 610 1740; x_wconf 81' lang='lat' dir='ltr'><strong>exercent</strong></span> <span class='ocrx_word' id='word_1_124' title='bbox 631 1671 786 1738; x_wconf 80' lang='lat' dir='ltr'><strong>adversus</strong></span> <span class='ocrx_word' id='word_1_125' title='bbox 807 1670 894 1752; x_wconf 79' lang='lat' dir='ltr'><strong>ilias,</strong></span> <span class='ocrx_word' id='word_1_126' title='bbox 916 1683 948 1741; x_wconf 88' lang='lat' dir='ltr'><strong>et</strong></span> <span class='ocrx_word' id='word_1_127' title='bbox 970 1678 1026 1762; x_wconf 88' lang='lat' dir='ltr'><strong>qui</strong></span> <span class='ocrx_word' id='word_1_128' title='bbox 1047 1697 1114 1746; x_wconf 80' lang='lat' dir='ltr'><strong>mu-</strong></span> 
     </span>
     <span class='ocr_line' id='line_1_15' title="bbox 13 1773 1115 1862; baseline 0.01 -27"><span class='ocrx_word' id='word_1_129' title='bbox 13 1782 187 1854; x_wconf 63' lang='lat' dir='ltr'><strong>proterrent</strong></span> <span class='ocrx_word' id='word_1_130' title='bbox 208 1777 294 1840; x_wconf 89' lang='lat' dir='ltr'><strong>inter</strong></span> <span class='ocrx_word' id='word_1_131' title='bbox 315 1796 386 1852; x_wconf 81' lang='lat' dir='ltr'><strong>cue,</strong></span> <span class='ocrx_word' id='word_1_132' title='bbox 412 1783 600 1862; x_wconf 69' lang='lat' dir='ltr'><strong>potentatem</strong></span> <span class='ocrx_word' id='word_1_133' title='bbox 624 1782 772 1840; x_wconf 77' lang='lat' dir='ltr'><strong>exercent</strong></span> <span class='ocrx_word' id='word_1_134' title='bbox 793 1777 826 1840; x_wconf 83' lang='lat' dir='ltr'><strong>iu</strong></span> <span class='ocrx_word' id='word_1_135' title='bbox 848 1773 930 1842; x_wconf 79' lang='lat' dir='ltr'><strong>illue.</strong></span> <span class='ocrx_word' id='word_1_136' title='bbox 974 1774 1026 1844; x_wconf 70' lang='lat'><strong>432</strong></span> <span class='ocrx_word' id='word_1_137' title='bbox 1049 1775 1115 1848; x_wconf 78' lang='lat' dir='ltr'><strong>Ve-</strong></span> 
     </span>
     <span class='ocr_line' id='line_1_16' title="bbox 13 1876 1115 1966; baseline 0.014 -32"><span class='ocrx_word' id='word_1_138' title='bbox 13 1893 64 1938; x_wconf 87' lang='lat' dir='ltr'><strong>mn</strong></span> <span class='ocrx_word' id='word_1_139' title='bbox 82 1897 141 1941; x_wconf 91' lang='lat' dir='ltr'><strong>non</strong></span> <span class='ocrx_word' id='word_1_140' title='bbox 163 1877 211 1942; x_wconf 84' lang='lat' dir='ltr'><strong>sic</strong></span> <span class='ocrx_word' id='word_1_141' title='bbox 233 1877 292 1941; x_wconf 88' lang='lat' dir='ltr'><strong>erit</strong></span> <span class='ocrx_word' id='word_1_142' title='bbox 315 1877 398 1942; x_wconf 88' lang='lat' dir='ltr'><strong>inter</strong></span> <span class='ocrx_word' id='word_1_143' title='bbox 416 1897 492 1958; x_wconf 84' lang='lat' dir='ltr'><strong>voe,</strong></span> <span class='ocrx_word' id='word_1_144' title='bbox 515 1876 572 1944; x_wconf 81' lang='lat' dir='ltr'><strong>red</strong></span> <span class='ocrx_word' id='word_1_145' title='bbox 594 1878 778 1966; x_wconf 91' lang='lat' dir='ltr'><strong>quicunque</strong></span> <span class='ocrx_word' id='word_1_146' title='bbox 798 1877 938 1946; x_wconf 86' lang='lat' dir='ltr'><strong>voluerit</strong></span> <span class='ocrx_word' id='word_1_147' title='bbox 957 1877 1029 1946; x_wconf 83' lang='lat' dir='ltr'><strong>fieri</strong></span> <span class='ocrx_word' id='word_1_148' title='bbox 1049 1897 1115 1948; x_wconf 82' lang='lat' dir='ltr'><strong>rnn-</strong></span> 
     </span>
     <span class='ocr_line' id='line_1_17' title="bbox 13 1979 1114 2068; baseline 0.008 -25"><span class='ocrx_word' id='word_1_149' title='bbox 13 1996 72 2057; x_wconf 68' lang='lat' dir='ltr'><strong>gnnr</strong></span> <span class='ocrx_word' id='word_1_150' title='bbox 86 1979 162 2044; x_wconf 88' lang='lat' dir='ltr'><strong>inter</strong></span> <span class='ocrx_word' id='word_1_151' title='bbox 181 2001 252 2058; x_wconf 80' lang='lat' dir='ltr'><strong>voe,</strong></span> <span class='ocrx_word' id='word_1_152' title='bbox 274 1979 334 2045; x_wconf 92' lang='lat' dir='ltr'><strong>erit</strong></span> <span class='ocrx_word' id='word_1_153' title='bbox 355 1979 498 2046; x_wconf 83' lang='lat' dir='ltr'><strong>minister</strong></span> <span class='ocrx_word' id='word_1_154' title='bbox 519 1989 639 2046; x_wconf 76' lang='lat' dir='ltr'><strong>vester:</strong></span> <span class='ocrx_word' id='word_1_155' title='bbox 660 1979 712 2044; x_wconf 80' lang='lat' dir='ltr'><strong>tr.</strong></span> <span class='ocrx_word' id='word_1_156' title='bbox 733 1981 776 2046; x_wconf 88' lang='lat' dir='ltr'><strong>Et</strong></span> <span class='ocrx_word' id='word_1_157' title='bbox 797 1982 982 2068; x_wconf 80' lang='lat' dir='ltr'><strong>quicunque</strong></span> <span class='ocrx_word' id='word_1_158' title='bbox 1004 2003 1114 2052; x_wconf 77' lang='lat' dir='ltr'><strong>ervo·</strong></span> 
     </span>
     <span class='ocr_line' id='line_1_18' title="bbox 13 2073 1114 2168; baseline 0.014 -31"><span class='ocrx_word' id='word_1_159' title='bbox 13 2073 49 2140; x_wconf 80' lang='lat' dir='ltr'><strong>hir</strong></span> <span class='ocrx_word' id='word_1_160' title='bbox 65 2079 190 2146; x_wconf 86' lang='lat' dir='ltr'><strong>vetuerit</strong></span> <span class='ocrx_word' id='word_1_161' title='bbox 212 2100 286 2146; x_wconf 78' lang='lat' dir='ltr'><strong>erse</strong></span> <span class='ocrx_word' id='word_1_162' title='bbox 307 2081 443 2168; x_wconf 83' lang='lat' dir='ltr'><strong>primur,</strong></span> <span class='ocrx_word' id='word_1_163' title='bbox 470 2083 531 2147; x_wconf 84' lang='lat' dir='ltr'><strong>erit</strong></span> <span class='ocrx_word' id='word_1_164' title='bbox 553 2081 694 2146; x_wconf 82' lang='lat' dir='ltr'><strong>murnum</strong></span> <span class='ocrx_word' id='word_1_165' title='bbox 722 2101 846 2149; x_wconf 77' lang='lat' dir='ltr'><strong>remur.</strong></span> <span class='ocrx_word' id='word_1_166' title='bbox 894 2083 947 2148; x_wconf 90' lang='grc'><strong>45.</strong></span> <span class='ocrx_word' id='word_1_167' title='bbox 976 2083 1059 2150; x_wconf 82' lang='lat' dir='ltr'><strong>Nem</strong></span> <span class='ocrx_word' id='word_1_168' title='bbox 1082 2095 1114 2153; x_wconf 91' lang='lat' dir='ltr'><strong>et</strong></span> 
     </span>
     <span class='ocr_line' id='line_1_19' title="bbox 14 2177 1114 2272; baseline 0.013 -33"><span class='ocrx_word' id='word_1_169' title='bbox 14 2177 90 2246; x_wconf 83' lang='lat' dir='ltr'><strong>Filius</strong></span> <span class='ocrx_word' id='word_1_170' title='bbox 109 2181 241 2250; x_wconf 78' lang='lat' dir='ltr'><strong>hominis</strong></span> <span class='ocrx_word' id='word_1_171' title='bbox 265 2185 440 2264; x_wconf 74' lang='lat' dir='ltr'><strong>mevenit,</strong></span> <span class='ocrx_word' id='word_1_172' title='bbox 463 2193 499 2248; x_wconf 92' lang='lat' dir='ltr'><strong>nt</strong></span> <span class='ocrx_word' id='word_1_173' title='bbox 520 2181 584 2250; x_wconf 82' lang='lat' dir='ltr'><strong>sibi</strong></span> <span class='ocrx_word' id='word_1_174' title='bbox 605 2183 806 2262; x_wconf 79' lang='lat' dir='ltr'><strong>ministretur,</strong></span> <span class='ocrx_word' id='word_1_175' title='bbox 828 2180 887 2249; x_wconf 84' lang='lat' dir='ltr'><strong>eed</strong></span> <span class='ocrx_word' id='word_1_176' title='bbox 909 2193 944 2248; x_wconf 91' lang='lat' dir='ltr'><strong>nt</strong></span> <span class='ocrx_word' id='word_1_177' title='bbox 964 2185 1035 2272; x_wconf 89' lang='lat' dir='ltr'><strong>ipse</strong></span> <span class='ocrx_word' id='word_1_178' title='bbox 1057 2189 1114 2254; x_wconf 91' lang='lat' dir='ltr'><strong>mi-</strong></span> 
     </span>
     <span class='ocr_line' id='line_1_20' title="bbox 14 2283 995 2370; baseline 0.01 -29"><span class='ocrx_word' id='word_1_179' title='bbox 14 2283 105 2362; x_wconf 83' lang='lat' dir='ltr'><strong>nistret,</strong></span> <span class='ocrx_word' id='word_1_180' title='bbox 125 2308 162 2352; x_wconf 79' lang='lat' dir='ltr'><strong>ac</strong></span> <span class='ocrx_word' id='word_1_181' title='bbox 182 2283 236 2351; x_wconf 92' lang='lat' dir='ltr'><strong>det</strong></span> <span class='ocrx_word' id='word_1_182' title='bbox 247 2287 384 2352; x_wconf 79' lang='lat' dir='ltr'><strong>enimam</strong></span> <span class='ocrx_word' id='word_1_183' title='bbox 406 2308 496 2352; x_wconf 82' lang='lat' dir='ltr'><strong>ruem</strong></span> <span class='ocrx_word' id='word_1_184' title='bbox 518 2284 771 2370; x_wconf 84' lang='lat' dir='ltr'><strong>redemptionem</strong></span> <span class='ocrx_word' id='word_1_185' title='bbox 793 2301 854 2370; x_wconf 87' lang='lat' dir='ltr'><strong>pro</strong></span> <span class='ocrx_word' id='word_1_186' title='bbox 878 2283 995 2351; x_wconf 77' lang='lat' dir='ltr'><strong>multis.</strong></span> 
     </span>
    </p>
   </div>
   <div class='ocr_carea' id='block_1_4' title="bbox 12 2401 1116 3209">
    <p class='ocr_par' dir='ltr' id='par_1_4' title="bbox 12 2401 1116 3209">
     <span class='ocr_line' id='line_1_21' title="bbox 75 2401 1110 2484; baseline 0.003 -17"><span class='ocrx_word' id='word_1_187' title='bbox 75 2403 164 2470; x_wconf 90' lang='lat' dir='ltr'><strong>LUC.</strong></span> <span class='ocrx_word' id='word_1_188' title='bbox 184 2404 284 2470; x_wconf 85' lang='lat' dir='ltr'><strong>xxlt.</strong></span> <span class='ocrx_word' id='word_1_189' title='bbox 319 2401 374 2469; x_wconf 89' lang='grc'><strong>24.</strong></span> <span class='ocrx_word' id='word_1_190' title='bbox 395 2405 493 2470; x_wconf 81' lang='lat' dir='ltr'><strong>Facto</strong></span> <span class='ocrx_word' id='word_1_191' title='bbox 513 2413 560 2470; x_wconf 89' lang='lat' dir='ltr'><strong>est</strong></span> <span class='ocrx_word' id='word_1_192' title='bbox 583 2413 686 2469; x_wconf 84' lang='lat' dir='ltr'><strong>entem</strong></span> <span class='ocrx_word' id='word_1_193' title='bbox 710 2414 740 2468; x_wconf 91' lang='lat' dir='ltr'><strong>et</strong></span> <span class='ocrx_word' id='word_1_194' title='bbox 762 2405 926 2470; x_wconf 85' lang='lat' dir='ltr'><strong>cententio</strong></span> <span class='ocrx_word' id='word_1_195' title='bbox 947 2405 1032 2470; x_wconf 86' lang='lat' dir='ltr'><strong>inter</strong></span> <span class='ocrx_word' id='word_1_196' title='bbox 1044 2423 1110 2484; x_wconf 86' lang='lat' dir='ltr'><strong>ene,</strong></span> 
     </span>
     <span class='ocr_line' id='line_1_22' title="bbox 14 2503 1113 2587; baseline 0.003 -17"><span class='ocrx_word' id='word_1_197' title='bbox 14 2503 65 2585; x_wconf 85' lang='lat' dir='ltr'><strong>quis</strong></span> <span class='ocrx_word' id='word_1_198' title='bbox 83 2528 115 2572; x_wconf 85' lang='lat' dir='ltr'><strong>er</strong></span> <span class='ocrx_word' id='word_1_199' title='bbox 136 2506 197 2574; x_wconf 84' lang='lat' dir='ltr'><strong>illis</strong></span> <span class='ocrx_word' id='word_1_200' title='bbox 219 2503 386 2572; x_wconf 85' lang='lat' dir='ltr'><strong>videretur</strong></span> <span class='ocrx_word' id='word_1_201' title='bbox 409 2529 480 2576; x_wconf 81' lang='lat' dir='ltr'><strong>esse</strong></span> <span class='ocrx_word' id='word_1_202' title='bbox 502 2509 612 2576; x_wconf 82' lang='lat' dir='ltr'><strong>rneior.</strong></span> <span class='ocrx_word' id='word_1_203' title='bbox 655 2503 707 2570; x_wconf 80' lang='grc'><strong>25.</strong></span> <span class='ocrx_word' id='word_1_204' title='bbox 729 2503 819 2572; x_wconf 81' lang='lat' dir='ltr'><strong>Dixit</strong></span> <span class='ocrx_word' id='word_1_205' title='bbox 840 2515 945 2570; x_wconf 86' lang='lat' dir='ltr'><strong>entem</strong></span> <span class='ocrx_word' id='word_1_206' title='bbox 968 2509 1027 2587; x_wconf 83' lang='lat' dir='ltr'><strong>eie,</strong></span> <span class='ocrx_word' id='word_1_207' title='bbox 1049 2507 1113 2572; x_wconf 77' lang='lat' dir='ltr'><strong>tte·</strong></span> 
     </span>
     <span class='ocr_line' id='line_1_23' title="bbox 13 2606 1115 2696; baseline 0.002 -22"><span class='ocrx_word' id='word_1_208' title='bbox 13 2623 52 2684; x_wconf 73' lang='lat' dir='ltr'><strong>ges</strong></span> <span class='ocrx_word' id='word_1_209' title='bbox 71 2613 198 2691; x_wconf 80' lang='lat' dir='ltr'><strong>gentium</strong></span> <span class='ocrx_word' id='word_1_210' title='bbox 221 2607 430 2674; x_wconf 82' lang='lat' dir='ltr'><strong>dominentur</strong></span> <span class='ocrx_word' id='word_1_211' title='bbox 450 2612 509 2686; x_wconf 83' lang='lat' dir='ltr'><strong>eie,</strong></span> <span class='ocrx_word' id='word_1_212' title='bbox 537 2618 568 2673; x_wconf 89' lang='lat' dir='ltr'><strong>et</strong></span> <span class='ocrx_word' id='word_1_213' title='bbox 591 2610 648 2696; x_wconf 91' lang='lat' dir='ltr'><strong>qui</strong></span> <span class='ocrx_word' id='word_1_214' title='bbox 666 2617 856 2693; x_wconf 73' lang='lat' dir='ltr'><strong>potestatem</strong></span> <span class='ocrx_word' id='word_1_215' title='bbox 877 2606 996 2676; x_wconf 83' lang='lat' dir='ltr'><strong>hebent</strong></span> <span class='ocrx_word' id='word_1_216' title='bbox 1016 2629 1115 2696; x_wconf 81' lang='lat' dir='ltr'><strong>rnper</strong></span> 
     </span>
     <span class='ocr_line' id='line_1_24' title="bbox 14 2707 1114 2798; baseline 0.006 -28"><span class='ocrx_word' id='word_1_217' title='bbox 14 2723 58 2784; x_wconf 82' lang='lat' dir='ltr'><strong>res,</strong></span> <span class='ocrx_word' id='word_1_218' title='bbox 75 2707 202 2776; x_wconf 85' lang='lat' dir='ltr'><strong>benefici</strong></span> <span class='ocrx_word' id='word_1_219' title='bbox 223 2721 390 2777; x_wconf 76' lang='lat' dir='ltr'><strong>vocantur.</strong></span> <span class='ocrx_word' id='word_1_220' title='bbox 433 2711 485 2774; x_wconf 85' lang='grc'><strong>26.</strong></span> <span class='ocrx_word' id='word_1_221' title='bbox 508 2711 705 2776; x_wconf 71' lang='lat' dir='ltr'><strong>Veientem</strong></span> <span class='ocrx_word' id='word_1_222' title='bbox 727 2729 795 2776; x_wconf 91' lang='lat' dir='ltr'><strong>non</strong></span> <span class='ocrx_word' id='word_1_223' title='bbox 817 2711 873 2788; x_wconf 79' lang='lat' dir='ltr'><strong>sic,</strong></span> <span class='ocrx_word' id='word_1_224' title='bbox 897 2707 954 2776; x_wconf 80' lang='lat' dir='ltr'><strong>red</strong></span> <span class='ocrx_word' id='word_1_225' title='bbox 977 2713 1033 2798; x_wconf 90' lang='lat' dir='ltr'><strong>qui</strong></span> <span class='ocrx_word' id='word_1_226' title='bbox 1050 2727 1114 2778; x_wconf 83' lang='lat' dir='ltr'><strong>me·</strong></span> 
     </span>
     <span class='ocr_line' id='line_1_25' title="bbox 13 2806 1112 2900; baseline 0.011 -33"><span class='ocrx_word' id='word_1_227' title='bbox 13 2806 48 2870; x_wconf 90' lang='lat' dir='ltr'><strong>ier</strong></span> <span class='ocrx_word' id='word_1_228' title='bbox 66 2823 107 2876; x_wconf 86' lang='lat' dir='ltr'><strong>ert</strong></span> <span class='ocrx_word' id='word_1_229' title='bbox 126 2815 159 2880; x_wconf 92' lang='lat' dir='ltr'><strong>in</strong></span> <span class='ocrx_word' id='word_1_230' title='bbox 178 2811 294 2892; x_wconf 80' lang='lat' dir='ltr'><strong>rolris,</strong></span> <span class='ocrx_word' id='word_1_231' title='bbox 315 2811 373 2880; x_wconf 84' lang='lat' dir='ltr'><strong>fiet</strong></span> <span class='ocrx_word' id='word_1_232' title='bbox 392 2814 474 2880; x_wconf 81' lang='lat' dir='ltr'><strong>sient</strong></span> <span class='ocrx_word' id='word_1_233' title='bbox 494 2812 612 2897; x_wconf 88' lang='lat' dir='ltr'><strong>junior,</strong></span> <span class='ocrx_word' id='word_1_234' title='bbox 635 2823 667 2880; x_wconf 90' lang='lat' dir='ltr'><strong>et</strong></span> <span class='ocrx_word' id='word_1_235' title='bbox 688 2813 745 2899; x_wconf 91' lang='lat' dir='ltr'><strong>qni</strong></span> <span class='ocrx_word' id='word_1_236' title='bbox 767 2813 917 2900; x_wconf 83' lang='lat' dir='ltr'><strong>princepe</strong></span> <span class='ocrx_word' id='word_1_237' title='bbox 940 2824 1001 2894; x_wconf 82' lang='lat' dir='ltr'><strong>eet,</strong></span> <span class='ocrx_word' id='word_1_238' title='bbox 1028 2815 1112 2881; x_wconf 80' lang='lat' dir='ltr'><strong>sient</strong></span> 
     </span>
     <span class='ocr_line' id='line_1_26' title="bbox 13 2911 1116 3002; baseline 0.007 -29"><span class='ocrx_word' id='word_1_239' title='bbox 13 2911 52 2992; x_wconf 87' lang='lat' dir='ltr'><strong>qui</strong></span> <span class='ocrx_word' id='word_1_240' title='bbox 69 2915 220 2982; x_wconf 69' lang='lat' dir='ltr'><strong>ministret.</strong></span> <span class='ocrx_word' id='word_1_241' title='bbox 266 2915 320 2981; x_wconf 89' lang='grc'><strong>27.</strong></span> <span class='ocrx_word' id='word_1_242' title='bbox 342 2915 425 2979; x_wconf 82' lang='lat' dir='ltr'><strong>Nem</strong></span> <span class='ocrx_word' id='word_1_243' title='bbox 447 2922 518 2979; x_wconf 91' lang='lat' dir='ltr'><strong>uter</strong></span> <span class='ocrx_word' id='word_1_244' title='bbox 538 2915 640 2978; x_wconf 75' lang='lat' dir='ltr'><strong>maior</strong></span> <span class='ocrx_word' id='word_1_245' title='bbox 663 2923 719 2994; x_wconf 79' lang='lat' dir='ltr'><strong>ert,</strong></span> <span class='ocrx_word' id='word_1_246' title='bbox 740 2915 796 3000; x_wconf 92' lang='lat' dir='ltr'><strong>qni</strong></span> <span class='ocrx_word' id='word_1_247' title='bbox 815 2913 982 2994; x_wconf 80' lang='lat' dir='ltr'><strong>accumbit,</strong></span> <span class='ocrx_word' id='word_1_248' title='bbox 1006 2917 1116 3002; x_wconf 83' lang='lat' dir='ltr'><strong>enqui</strong></span> 
     </span>
     <span class='ocr_line' id='line_1_27' title="bbox 12 3011 1115 3104; baseline 0.011 -34"><span class='ocrx_word' id='word_1_249' title='bbox 12 3011 156 3084; x_wconf 80' lang='lat' dir='ltr'><strong>ministrat?</strong></span> <span class='ocrx_word' id='word_1_250' title='bbox 195 3015 318 3083; x_wconf 87' lang='lat' dir='ltr'><strong>Nonne</strong></span> <span class='ocrx_word' id='word_1_251' title='bbox 344 3017 401 3104; x_wconf 88' lang='lat' dir='ltr'><strong>qui</strong></span> <span class='ocrx_word' id='word_1_252' title='bbox 421 3013 601 3082; x_wconf 77' lang='lat' dir='ltr'><strong>occumbit?</strong></span> <span class='ocrx_word' id='word_1_253' title='bbox 642 3016 685 3082; x_wconf 79' lang='lat' dir='ltr'><strong>At</strong></span> <span class='ocrx_word' id='word_1_254' title='bbox 707 3035 767 3102; x_wconf 81' lang='lat' dir='ltr'><strong>ego</strong></span> <span class='ocrx_word' id='word_1_255' title='bbox 789 3017 822 3082; x_wconf 90' lang='lat' dir='ltr'><strong>in</strong></span> <span class='ocrx_word' id='word_1_256' title='bbox 843 3013 951 3084; x_wconf 88' lang='lat' dir='ltr'><strong>medio</strong></span> <span class='ocrx_word' id='word_1_257' title='bbox 973 3025 1115 3082; x_wconf 82' lang='lat' dir='ltr'><strong>vernum</strong></span> 
     </span>
     <span class='ocr_line' id='line_1_28' title="bbox 13 3119 392 3209; baseline 0.032 -35"><span class='ocrx_word' id='word_1_258' title='bbox 13 3130 78 3195; x_wconf 86' lang='lat' dir='ltr'><strong>rum,</strong></span> <span class='ocrx_word' id='word_1_259' title='bbox 96 3128 128 3186; x_wconf 90' lang='lat' dir='ltr'><strong>ut</strong></span> <span class='ocrx_word' id='word_1_260' title='bbox 148 3123 204 3209; x_wconf 92' lang='lat' dir='ltr'><strong>qni</strong></span> <span class='ocrx_word' id='word_1_261' title='bbox 225 3119 392 3186; x_wconf 69' lang='lat' dir='ltr'><strong>ministret.</strong></span> 
     </span>
    </p>
   </div>
   <div class='ocr_carea' id='block_1_5' title="bbox 12 3289 1203 4347">
    <p class='ocr_par' dir='ltr' id='par_1_5' title="bbox 12 3289 1203 4347">
     <span class='ocr_line' id='line_1_29' title="bbox 22 3289 1116 3392; baseline 0 -30"><span class='ocrx_word' id='word_1_262' title='bbox 22 3367 28 3386; x_wconf 28' lang='grc' dir='ltr'><strong>ι</strong></span> <span class='ocrx_word' id='word_1_263' title='bbox 69 3301 161 3366; x_wconf 74' lang='lat' dir='ltr'><strong>narrt.</strong></span> <span class='ocrx_word' id='word_1_264' title='bbox 182 3309 232 3368; x_wconf 75' lang='grc'><strong>24.</strong></span> <span class='ocrx_word' id='word_1_265' title='bbox 274 3305 373 3384; x_wconf 74' lang='lat' dir='ltr'><strong>Quum</strong></span> <span class='ocrx_word' id='word_1_266' title='bbox 390 3301 547 3364; x_wconf 65' lang='lat' dir='ltr'><strong>onerem</strong></span> <span class='ocrx_word' id='word_1_267' title='bbox 564 3295 672 3363; x_wconf 62' lang='lat' dir='ltr'><strong>&amp;eene</strong></span> <span class='ocrx_word' id='word_1_268' title='bbox 711 3289 835 3360; x_wconf 76' lang='lat' dir='ltr'><strong>Videtur</strong></span> <span class='ocrx_word' id='word_1_269' title='bbox 852 3289 944 3392; x_wconf 58' lang='lat' dir='ltr'><strong>dinem</strong></span> <span class='ocrx_word' id='word_1_270' title='bbox 967 3299 1116 3362; x_wconf 80' lang='lat' dir='ltr'><strong>concerte-</strong></span> 
     </span>
     <span class='ocr_line' id='line_1_30' title="bbox 12 3374 1116 3458; baseline 0.007 -29"><span class='ocrx_word' id='word_1_271' title='bbox 12 3377 97 3437; x_wconf 85' lang='lat' dir='ltr'><strong>tmrem</strong></span> <span class='ocrx_word' id='word_1_272' title='bbox 114 3380 182 3443; x_wconf 83' lang='lat' dir='ltr'><strong>hene</strong></span> <span class='ocrx_word' id='word_1_273' title='bbox 202 3379 313 3442; x_wconf 81' lang='lat' dir='ltr'><strong>referre</strong></span> <span class='ocrx_word' id='word_1_274' title='bbox 331 3383 360 3442; x_wconf 85' lang='lat' dir='ltr'><strong>iu</strong></span> <span class='ocrx_word' id='word_1_275' title='bbox 380 3381 452 3441; x_wconf 82' lang='lat' dir='ltr'><strong>atiud</strong></span> <span class='ocrx_word' id='word_1_276' title='bbox 470 3390 529 3440; x_wconf 85' lang='lat' dir='ltr'><strong>tem</strong></span> <span class='ocrx_word' id='word_1_277' title='bbox 583 3421 592 3441; x_wconf 91' lang='grc'><strong>.</strong></span> <span class='ocrx_word' id='word_1_278' title='bbox 631 3380 739 3438; x_wconf 77' lang='lat' dir='ltr'><strong>Verum</strong></span> <span class='ocrx_word' id='word_1_279' title='bbox 784 3377 878 3456; x_wconf 43' lang='lat' dir='ltr'><strong>‚isqnu</strong></span> <span class='ocrx_word' id='word_1_280' title='bbox 896 3374 1053 3458; x_wconf 82' lang='lat' dir='ltr'><strong>prudenter</strong></span> <span class='ocrx_word' id='word_1_281' title='bbox 1069 3395 1116 3437; x_wconf 74' lang='lat' dir='ltr'><strong>cn-</strong></span> 
     </span>
     <span class='ocr_line' id='line_1_31' title="bbox 13 3396 1117 3580; baseline 0.005 -74"><span class='ocrx_word' id='word_1_282' title='bbox 13 3463 51 3580; x_wconf 77' lang='lat' dir='ltr'><strong>ppt</strong></span> <span class='ocrx_word' id='word_1_283' title='bbox 66 3453 124 3514; x_wconf 86' lang='lat' dir='ltr'><strong>iitnd</strong></span> <span class='ocrx_word' id='word_1_284' title='bbox 141 3461 187 3518; x_wconf 83' lang='grc'><strong>22.</strong></span> <span class='ocrx_word' id='word_1_285' title='bbox 208 3457 446 3538; x_wconf 66' lang='lat' dir='ltr'><strong>expenderetur</strong></span> <span class='ocrx_word' id='word_1_286' title='bbox 466 3399 582 3517; x_wconf 47' lang='lat' dir='ltr'><strong>videppp</strong></span> <span class='ocrx_word' id='word_1_287' title='bbox 593 3471 739 3514; x_wconf 77' lang='lat' dir='ltr'><strong>semones</strong></span> <span class='ocrx_word' id='word_1_288' title='bbox 757 3396 940 3544; x_wconf 71' lang='lat' dir='ltr'><strong>ddrersistem</strong></span> <span class='ocrx_word' id='word_1_289' title='bbox 960 3451 1056 3543; x_wconf 69' lang='lat' dir='ltr'><strong>eribus</strong></span> <span class='ocrx_word' id='word_1_290' title='bbox 1067 3451 1117 3512; x_wconf 78' lang='lat' dir='ltr'><strong>ha-</strong></span> 
     </span>
     <span class='ocr_line' id='line_1_32' title="bbox 34 3529 1203 3620; baseline 0.003 -36"><span class='ocrx_word' id='word_1_291' title='bbox 34 3537 79 3602; x_wconf 82' lang='lat' dir='ltr'><strong>tes,</strong></span> <span class='ocrx_word' id='word_1_292' title='bbox 101 3534 231 3616; x_wconf 74' lang='lat' dir='ltr'><strong>negterto</strong></span> <span class='ocrx_word' id='word_1_293' title='bbox 252 3533 367 3609; x_wconf 86' lang='lat' dir='ltr'><strong>ordine,</strong></span> <span class='ocrx_word' id='word_1_294' title='bbox 390 3531 471 3594; x_wconf 82' lang='lat' dir='ltr'><strong>eimni</strong></span> <span class='ocrx_word' id='word_1_295' title='bbox 490 3529 612 3592; x_wconf 74' lang='lat' dir='ltr'><strong>eenteri.</strong></span> <span class='ocrx_word' id='word_1_296' title='bbox 651 3531 731 3612; x_wconf 75' lang='lat' dir='ltr'><strong>tergo</strong></span> <span class='ocrx_word' id='word_1_297' title='bbox 756 3541 904 3590; x_wconf 81' lang='lat' dir='ltr'><strong>centenno</strong></span> <span class='ocrx_word' id='word_1_298' title='bbox 939 3545 964 3620; x_wconf 33' lang='lat' dir='ltr'><strong>‘e</strong></span> <span class='ocrx_word' id='word_1_299' title='bbox 1006 3539 1117 3620; x_wconf 62' lang='lat' dir='ltr'><strong>matu,</strong></span> <span class='ocrx_word' id='word_1_300' title='bbox 1194 3560 1203 3580; x_wconf 53' lang='grc' dir='ltr'>κ</span> 
     </span>
     <span class='ocr_line' id='line_1_33' title="bbox 14 3549 1117 3697; baseline 0.001 -34"><span class='ocrx_word' id='word_1_301' title='bbox 14 3601 74 3690; x_wconf 72' lang='lat' dir='ltr'><strong>cujus</strong></span> <span class='ocrx_word' id='word_1_302' title='bbox 90 3609 213 3670; x_wconf 83' lang='lat' dir='ltr'><strong>meminit</strong></span> <span class='ocrx_word' id='word_1_303' title='bbox 236 3610 341 3684; x_wconf 79' lang='lat' dir='ltr'><strong>Luem,</strong></span> <span class='ocrx_word' id='word_1_304' title='bbox 360 3609 395 3668; x_wconf 79' lang='lat' dir='ltr'><strong>ab</strong></span> <span class='ocrx_word' id='word_1_305' title='bbox 419 3608 573 3671; x_wconf 80' lang='lat' dir='ltr'><strong>horiente</strong></span> <span class='ocrx_word' id='word_1_306' title='bbox 592 3604 720 3686; x_wconf 81' lang='lat' dir='ltr'><strong>proiecta</strong></span> <span class='ocrx_word' id='word_1_307' title='bbox 739 3617 794 3680; x_wconf 78' lang='lat' dir='ltr'><strong>ert,</strong></span> <span class='ocrx_word' id='word_1_308' title='bbox 814 3606 890 3697; x_wconf 80' lang='lat' dir='ltr'><strong>qnod</strong></span> <span class='ocrx_word' id='word_1_309' title='bbox 908 3603 959 3696; x_wconf 68' lang='lat' dir='ltr'><strong>dtu</strong></span> <span class='ocrx_word' id='word_1_310' title='bbox 978 3549 1117 3696; x_wconf 58' lang='lat' dir='ltr'><strong>Zebedper</strong></span> 
     </span>
     <span class='ocr_line' id='line_1_34' title="bbox 13 3680 1118 3768; baseline 0.005 -31"><span class='ocrx_word' id='word_1_311' title='bbox 13 3693 92 3751; x_wconf 80' lang='lat' dir='ltr'><strong>purus</strong></span> <span class='ocrx_word' id='word_1_312' title='bbox 109 3685 187 3744; x_wconf 81' lang='lat' dir='ltr'><strong>redes</strong></span> <span class='ocrx_word' id='word_1_313' title='bbox 207 3686 235 3745; x_wconf 86' lang='lat' dir='ltr'><strong>in</strong></span> <span class='ocrx_word' id='word_1_314' title='bbox 256 3684 363 3745; x_wconf 78' lang='lat' dir='ltr'><strong>Christi</strong></span> <span class='ocrx_word' id='word_1_315' title='bbox 381 3701 472 3768; x_wconf 76' lang='lat' dir='ltr'><strong>regno</strong></span> <span class='ocrx_word' id='word_1_316' title='bbox 490 3683 653 3743; x_wconf 52' lang='lat' dir='ltr'><strong>ambierant,</strong></span> <span class='ocrx_word' id='word_1_317' title='bbox 694 3683 732 3740; x_wconf 83' lang='lat' dir='ltr'><strong>Et</strong></span> <span class='ocrx_word' id='word_1_318' title='bbox 753 3693 850 3741; x_wconf 79' lang='lat' dir='ltr'><strong>temen</strong></span> <span class='ocrx_word' id='word_1_319' title='bbox 868 3681 1024 3762; x_wconf 77' lang='lat' dir='ltr'><strong>rodrgnrtro</strong></span> <span class='ocrx_word' id='word_1_320' title='bbox 1046 3680 1118 3742; x_wconf 81' lang='lat' dir='ltr'><strong>eiro-</strong></span> 
     </span>
     <span class='ocr_line' id='line_1_35' title="bbox 13 3751 1118 3840; baseline -0.001 -24"><span class='ocrx_word' id='word_1_321' title='bbox 13 3771 60 3811; x_wconf 77' lang='lat' dir='ltr'><strong>mm</strong></span> <span class='ocrx_word' id='word_1_322' title='bbox 76 3759 184 3820; x_wconf 81' lang='lat' dir='ltr'><strong>minime</strong></span> <span class='ocrx_word' id='word_1_323' title='bbox 203 3759 274 3820; x_wconf 78' lang='lat' dir='ltr'><strong>inste</strong></span> <span class='ocrx_word' id='word_1_324' title='bbox 298 3761 366 3820; x_wconf 80' lang='lat' dir='ltr'><strong>init:</strong></span> <span class='ocrx_word' id='word_1_325' title='bbox 385 3781 448 3821; x_wconf 79' lang='lat' dir='ltr'><strong>nrm</strong></span> <span class='ocrx_word' id='word_1_326' title='bbox 469 3780 554 3840; x_wconf 86' lang='lat' dir='ltr'><strong>qnnm</strong></span> <span class='ocrx_word' id='word_1_327' title='bbox 574 3755 659 3817; x_wconf 81' lang='lat' dir='ltr'><strong>stulto</strong></span> <span class='ocrx_word' id='word_1_328' title='bbox 678 3755 794 3818; x_wconf 81' lang='lat' dir='ltr'><strong>ambitio</strong></span> <span class='ocrx_word' id='word_1_329' title='bbox 814 3751 844 3817; x_wconf 78' lang='lat' dir='ltr'><strong>in</strong></span> <span class='ocrx_word' id='word_1_330' title='bbox 862 3757 973 3818; x_wconf 82' lang='lat' dir='ltr'><strong>dnobus</strong></span> <span class='ocrx_word' id='word_1_331' title='bbox 991 3757 1118 3840; x_wconf 72' lang='lat' dir='ltr'><strong>graviter</strong></span> 
     </span>
     <span class='ocr_line' id='line_1_36' title="bbox 13 3831 1118 3918; baseline 0 -26"><span class='ocrx_word' id='word_1_332' title='bbox 13 3833 158 3906; x_wconf 65' lang='lat' dir='ltr'><strong>reprehensa</strong></span> <span class='ocrx_word' id='word_1_333' title='bbox 176 3849 258 3912; x_wconf 77' lang='lat' dir='ltr'><strong>esset,</strong></span> <span class='ocrx_word' id='word_1_334' title='bbox 278 3849 311 3897; x_wconf 88' lang='lat' dir='ltr'><strong>nt</strong></span> <span class='ocrx_word' id='word_1_335' title='bbox 331 3857 396 3897; x_wconf 88' lang='lat' dir='ltr'><strong>eum</strong></span> <span class='ocrx_word' id='word_1_336' title='bbox 416 3837 525 3918; x_wconf 89' lang='lat' dir='ltr'><strong>pudore</strong></span> <span class='ocrx_word' id='word_1_337' title='bbox 544 3855 560 3894; x_wconf 81' lang='lat' dir='ltr'>a</span> <span class='ocrx_word' id='word_1_338' title='bbox 581 3833 698 3894; x_wconf 86' lang='lat' dir='ltr'><strong>Christo</strong></span> <span class='ocrx_word' id='word_1_339' title='bbox 716 3833 900 3909; x_wconf 68' lang='lat' dir='ltr'><strong>discederent,</strong></span> <span class='ocrx_word' id='word_1_340' title='bbox 920 3833 985 3914; x_wconf 84' lang='lat' dir='ltr'><strong>qnid</strong></span> <span class='ocrx_word' id='word_1_341' title='bbox 1006 3834 1055 3894; x_wconf 87' lang='lat' dir='ltr'><strong>reti</strong></span> <span class='ocrx_word' id='word_1_342' title='bbox 1077 3831 1118 3892; x_wconf 74' lang='lat' dir='ltr'><strong>nis</strong></span> 
     </span>
     <span class='ocr_line' id='line_1_37' title="bbox 12 3900 1117 4003; baseline 0.005 -43"><span class='ocrx_word' id='word_1_343' title='bbox 12 3900 244 4003; x_wconf 62' lang='lat' dir='ltr'><strong>decemremem,</strong></span> <span class='ocrx_word' id='word_1_344' title='bbox 268 3909 329 3974; x_wconf 79' lang='lat' dir='ltr'><strong>iiior</strong></span> <span class='ocrx_word' id='word_1_345' title='bbox 348 3913 432 3974; x_wconf 83' lang='lat' dir='ltr'><strong>etutte</strong></span> <span class='ocrx_word' id='word_1_346' title='bbox 451 3923 562 3992; x_wconf 80' lang='lat' dir='ltr'><strong>optasse</strong></span> <span class='ocrx_word' id='word_1_347' title='bbox 580 3909 657 3999; x_wconf 74' lang='lat' dir='ltr'><strong>pund</strong></span> <span class='ocrx_word' id='word_1_348' title='bbox 680 3929 740 3969; x_wconf 88' lang='lat' dir='ltr'><strong>nen</strong></span> <span class='ocrx_word' id='word_1_349' title='bbox 759 3908 871 3972; x_wconf 76' lang='lat' dir='ltr'><strong>sument</strong></span> <span class='ocrx_word' id='word_1_350' title='bbox 894 3909 1008 3989; x_wconf 75' lang='lat' dir='ltr'><strong>adepti?</strong></span> <span class='ocrx_word' id='word_1_351' title='bbox 1073 3927 1117 3967; x_wconf 80' lang='lat' dir='ltr'><strong>rm</strong></span> 
     </span>
     <span class='ocr_line' id='line_1_38' title="bbox 12 3982 1118 4141; baseline 0.006 -32"><span class='ocrx_word' id='word_1_352' title='bbox 12 3982 1118 4141; x_wconf 46' lang='lat' dir='ltr'><strong>titt*titrttttttttttrittttt¹¹tttttttitttttttt</strong></span> 
     </span>
     <span class='ocr_line' id='line_1_39' title="bbox 13 4127 1118 4221; baseline -0.008 -21"><span class='ocrx_word' id='word_1_353' title='bbox 13 4127 96 4216; x_wconf 76' lang='lat' dir='ltr'><strong>detegi,</strong></span> <span class='ocrx_word' id='word_1_354' title='bbox 132 4139 224 4200; x_wconf 76' lang='lat' dir='ltr'><strong>tiemo</strong></span> <span class='ocrx_word' id='word_1_355' title='bbox 243 4141 319 4202; x_wconf 88' lang='lat' dir='ltr'><strong>enim</strong></span> <span class='ocrx_word' id='word_1_356' title='bbox 338 4153 405 4202; x_wconf 57' lang='lat' dir='ltr'><strong>eret&gt;</strong></span> <span class='ocrx_word' id='word_1_357' title='bbox 429 4142 477 4221; x_wconf 88' lang='lat' dir='ltr'><strong>qni</strong></span> <span class='ocrx_word' id='word_1_358' title='bbox 496 4137 619 4200; x_wconf 60' lang='lat' dir='ltr'><strong>tidenter</strong></span> <span class='ocrx_word' id='word_1_359' title='bbox 637 4136 696 4198; x_wconf 81' lang='lat' dir='ltr'><strong>aliie</strong></span> <span class='ocrx_word' id='word_1_360' title='bbox 715 4137 845 4220; x_wconf 84' lang='lat' dir='ltr'><strong>cederet,</strong></span> <span class='ocrx_word' id='word_1_361' title='bbox 863 4139 912 4199; x_wconf 79' lang='lat' dir='ltr'><strong>red</strong></span> <span class='ocrx_word' id='word_1_362' title='bbox 932 4133 1047 4218; x_wconf 77' lang='lat' dir='ltr'><strong>quisque</strong></span> <span class='ocrx_word' id='word_1_363' title='bbox 1065 4152 1118 4192; x_wconf 70' lang='lat' dir='ltr'><strong>eea</strong></span> 
     </span>
     <span class='ocr_line' id='line_1_40' title="bbox 14 4183 1117 4347; baseline -0.007 -71"><span class='ocrx_word' id='word_1_364' title='bbox 14 4205 73 4268; x_wconf 70' lang='lat' dir='ltr'><strong>ffllle</strong></span> <span class='ocrx_word' id='word_1_365' title='bbox 89 4231 164 4347; x_wconf 76' lang='lat' dir='ltr'><strong>rpem</strong></span> <span class='ocrx_word' id='word_1_366' title='bbox 182 4216 316 4296; x_wconf 82' lang='lat' dir='ltr'><strong>primatus</strong></span> <span class='ocrx_word' id='word_1_367' title='bbox 334 4183 407 4298; x_wconf 73' lang='lat' dir='ltr'><strong>apud</strong></span> <span class='ocrx_word' id='word_1_368' title='bbox 426 4235 457 4277; x_wconf 83' lang='lat' dir='ltr'><strong>re</strong></span> <span class='ocrx_word' id='word_1_369' title='bbox 475 4213 601 4278; x_wconf 77' lang='lat' dir='ltr'><strong>terebat:</strong></span> <span class='ocrx_word' id='word_1_370' title='bbox 624 4213 662 4273; x_wconf 79' lang='lat' dir='ltr'><strong>ite</strong></span> <span class='ocrx_word' id='word_1_371' title='bbox 681 4211 714 4274; x_wconf 88' lang='lat' dir='ltr'><strong>fit</strong></span> <span class='ocrx_word' id='word_1_372' title='bbox 731 4225 763 4274; x_wconf 92' lang='grc' dir='ltr'><strong>ιιι</strong></span> <span class='ocrx_word' id='word_1_373' title='bbox 781 4214 857 4274; x_wconf 87' lang='lat' dir='ltr'><strong>inter</strong></span> <span class='ocrx_word' id='word_1_374' title='bbox 874 4233 905 4275; x_wconf 79' lang='lat' dir='ltr'><strong>re</strong></span> <span class='ocrx_word' id='word_1_375' title='bbox 923 4209 1066 4272; x_wconf 77' lang='lat' dir='ltr'><strong>invideant</strong></span> <span class='ocrx_word' id='word_1_376' title='bbox 1084 4223 1117 4268; x_wconf 75' lang='lat' dir='ltr'><strong>ee</strong></span> 
     </span>
    </p>
   </div>
   <div class='ocr_carea' id='block_1_6' title="bbox 15 4283 1118 4382">
    <p class='ocr_par' dir='ltr' id='par_1_6' title="bbox 15 4283 1118 4382">
     <span class='ocr_line' id='line_1_41' title="bbox 15 4283 1118 4382; baseline 0.006 -45"><span class='ocrx_word' id='word_1_377' title='bbox 15 4295 100 4346; x_wconf 82' lang='lat' dir='ltr'><strong>conten</strong></span> <span class='ocrx_word' id='word_1_378' title='bbox 118 4302 173 4361; x_wconf 79' lang='lat' dir='ltr'><strong>ant,</strong></span> <span class='ocrx_word' id='word_1_379' title='bbox 194 4293 221 4352; x_wconf 92' lang='lat' dir='ltr'><strong>in</strong></span> <span class='ocrx_word' id='word_1_380' title='bbox 241 4293 372 4354; x_wconf 74' lang='lat' dir='ltr'><strong>omnihus</strong></span> <span class='ocrx_word' id='word_1_381' title='bbox 390 4304 484 4354; x_wconf 78' lang='lat' dir='ltr'><strong>tamen</strong></span> <span class='ocrx_word' id='word_1_382' title='bbox 502 4301 606 4374; x_wconf 84' lang='lat' dir='ltr'><strong>regnet</strong></span> <span class='ocrx_word' id='word_1_383' title='bbox 622 4289 861 4382; x_wconf 72' lang='lat' dir='ltr'><strong>pmveeupiditer.</strong></span> <span class='ocrx_word' id='word_1_384' title='bbox 901 4285 1013 4364; x_wconf 73' lang='lat' dir='ltr'><strong>Quodsi</strong></span> <span class='ocrx_word' id='word_1_385' title='bbox 1032 4283 1118 4344; x_wconf 81' lang='lat' dir='ltr'><strong>nuti-</strong></span> 
     </span>
    </p>
   </div>
   <div class='ocr_carea' id='block_1_7' title="bbox 14 4355 1118 4504">
    <p class='ocr_par' dir='ltr' id='par_1_7' title="bbox 14 4355 1118 4504">
     <span class='ocr_line' id='line_1_42' title="bbox 14 4355 1118 4504; baseline 0.013 -88"><span class='ocrx_word' id='word_1_386' title='bbox 14 4355 43 4419; x_wconf 82' lang='lat' dir='ltr'><strong>rir</strong></span> <span class='ocrx_word' id='word_1_387' title='bbox 58 4373 84 4424; x_wconf 83' lang='lat' dir='ltr'><strong>et</strong></span> <span class='ocrx_word' id='word_1_388' title='bbox 99 4365 222 4432; x_wconf 79' lang='lat' dir='ltr'><strong>ebeeurir</strong></span> <span class='ocrx_word' id='word_1_389' title='bbox 238 4369 398 4433; x_wconf 74' lang='lat' dir='ltr'><strong>nominum</strong></span> <span class='ocrx_word' id='word_1_390' title='bbox 416 4369 575 4454; x_wconf 75' lang='lat' dir='ltr'><strong>ingenitum</strong></span> <span class='ocrx_word' id='word_1_391' title='bbox 594 4365 650 4430; x_wconf 81' lang='lat' dir='ltr'><strong>imt</strong></span> <span class='ocrx_word' id='word_1_392' title='bbox 667 4365 724 4429; x_wconf 82' lang='lat' dir='ltr'><strong>troc</strong></span> <span class='ocrx_word' id='word_1_393' title='bbox 741 4377 856 4438; x_wconf 78' lang='lat' dir='ltr'><strong>unum,</strong></span> <span class='ocrx_word' id='word_1_394' title='bbox 863 4375 921 4504; x_wconf 44' lang='lat' dir='ltr'><strong>fit*</strong></span> <span class='ocrx_word' id='word_1_395' title='bbox 930 4361 986 4426; x_wconf 81' lang='lat' dir='ltr'><strong>leri</strong></span> <span class='ocrx_word' id='word_1_396' title='bbox 1002 4381 1038 4424; x_wconf 72' lang='lat' dir='ltr'><strong>eo</strong></span> <span class='ocrx_word' id='word_1_397' title='bbox 1053 4359 1118 4424; x_wconf 67' lang='lat' dir='ltr'><strong>sert</strong></span> 
     </span>
    </p>
   </div>
   <div class='ocr_carea' id='block_1_8' title="bbox 0 0 1292 4848">
    <p class='ocr_par' dir='ltr' id='par_1_8' title="bbox 0 0 1292 4848">
     <span class='ocr_line' id='line_1_43' title="bbox 0 0 1292 4848; baseline 0 0"><span class='ocrx_word' id='word_1_398' title='bbox 0 0 1292 4848; x_wconf 95' lang='lat' dir='ltr'><strong> </strong></span> 
     </span>
    </p>
   </div>
  </div>
 </body>
</html>
