2596 4840
249 741 915 854 PRAEFATIO.

474 1047 676 1067 ——1-0-0

46 1245 205 1384 Videmus
225 1309 298 1388 boc
324 1307 535 1415 plerumque
558 1305 775 1396 usuvenire,
798 1319 839 1380 nt
858 1318 982 1406 coepta
996 1299 1149 1380 salubria
1279 1319 1280 1328 ’

49 1426 214 1530 mutoque
243 1445 486 1506 consentanea
526 1424 621 1532 apud
663 1425 851 1530 plerosque
865 1421 1040 1500 'imitandi
1077 1441 1148 1500 stu·

54 1539 119 1620 dum
136 1546 287 1627 excitent.
344 1545 499 1624 Vixdum
514 1545 650 1624 Calvini
675 1545 712 1622 in
737 1541 899 1648 epistolas
922 1547 967 1620 N.
980 1548 1024 1619 Τ.
1048 1573 1147 1620 com-

51 1663 165 1740 usataa'i
196 1663 336 1770 publici
375 1665 460 1744 iuris
496 1667 578 1744 sacti
610 1679 725 1756 erant,
760 1692 840 1740 cum
869 1659 914 1738 de
939 1661 1148 1743 recudendis

48 1779 221 1887 inreliquos
251 1789 301 1864 N.
339 1791 382 1862 T.
411 1783 521 1864 libros
560 1783 819 1862 commentariis
849 1781 1044 1888 cogitarent
1081 1785 1149 1880 alii,
1281 1821 1282 1828 ¹

48 1895 140 1978 aliod
167 1931 297 1982 novam
323 1903 494 2008 praeclari
521 1904 781 1982 Institutionum
812 1903 929 2008 operis
951 1901 1147 2008 parandam

47 2015 192 2100 oddonem
225 2024 392 2102 animum
425 2022 623 2102 adiicerent
689 2027 746 2102 De
782 2022 969 2130 posteriori
1000 2025 1147 2102 consilio
1282 2103 1283 2110 ,

46 2140 223 2244 exsequendo
253 2141 348 2222 dum
382 2141 500 2222 adhuc
531 2142 629 2221 dubii
652 2143 799 2220 haerent
829 2159 1007 2236 auctores,
1037 2145 1149 2250 priori

47 2273 179 2338 umnam
203 2291 359 2342 manum
392 2261 551 2342 admonit
575 2261 758 2340 Eicblems
787 2259 983 2366 bibliopola
1008 2265 1146 2342 Beroli-

50 2380 139 2472 tuis,
173 2385 250 2488 qui
268 2409 490 2488 quamquam
532 2379 716 2462 destitutus
754 2378 902 2458 eximiae
933 2379 1146 2464 liberalitatis

53 2495 176 2594 abito,
206 2531 287 2610 quo
312 2501 451 2580 adiutus
484 2503 758 2580 commentarios
782 2501 818 2576 in
844 2497 1008 2606 epistolas
1031 2505 1077 2582 N.
1102 2511 1146 2584 Τ.

47 2615 150 2696 minimo
172 2624 293 2728 pretio
314 2620 505 2702 divendere
531 2622 628 2700 licuit
652 2617 868 2726 bibliopolae
891 2617 1044 2714 Halensi,
1066 2623 1146 2702 nul-

46 2731 204 2818 lotrmen
238 2739 418 2820 dubitavit
448 2770 578 2820 novam
615 2741 775 2821 omnium
805 2741 842 2816 in
869 2745 914 2818 N.
940 2746 984 2818 Τ.
1009 2742 1146 2826 Calvini

44 2860 340 2940 oumurtuiorum
373 2859 562 2940 editionem
593 2878 728 2966 septem
760 2858 999 2938 voluminibus
1029 2865 1146 2942 consi-

44 2990 153 3056 stentem
178 2981 283 3086 prelo
316 2980 537 3073 submittere,
574 2979 719 3086 eiusque
748 2979 915 3058 volumen
951 2985 1003 3058 111
1023 2999 1059 3060 et
1083 2991 1145 3076 lV,

42 3121 107 3194 quae
121 3101 223 3178 Acta
249 3100 533 3204 Apostolorum
563 3119 667 3239 attpre
695 3101 950 3202 Evangolr'um
980 3099 1146 3182 Ioanne

43 3215 304 3322 amplectuntur,
333 3217 441 3296 nitide
472 3218 530 3296 illa
555 3221 645 3328 typis
670 3237 775 3326 atque
804 3217 969 3324 singulari
992 3217 1064 3297 fide
1088 3251 1145 3300 ex·

43 3359 139 3430 prosa,
158 3340 285 3446 pretio,
309 3367 337 3416 sa
328 3339 532 3418 ambitum
557 3339 637 3418 libri
653 3341 824 3430 aestimas,
846 3335 1041 3416 admodum
1066 3371 1145 3418 mo-

44 3445 97 3528 lito
122 3485 231 3564 nuper
263 3457 448 3564 evulgavit.
503 3459 689 3538 Prioribus
721 3457 862 3536 duobus
895 3457 1145 3554 voluminibus,

46 3595 105 3668 tue
133 3605 227 3658 nunc
258 3579 460 3658 oflemntur
490 3577 671 3656 benevolis
705 3577 913 3670 lectoribus,
952 3595 992 3654 ut
1024 3579 1145 3683 paucis

44 3693 186 3786 Pnelarer
208 3699 316 3777 suasit
341 3699 472 3804 negotii
496 3715 636 3790 auctor,
664 3695 871 3775 adhortatus
894 3693 1012 3788 simul,
1035 3714 1093 3791 ut,
1115 3699 1144 3778 si

42 3807 93 3886 fitn'
110 3835 233 3920 posset,
258 3817 538 3896 lucubrationem
565 3815 611 3894 de
635 3815 845 3922 praestantia
865 3813 1039 3894 libromm
1064 3817 1146 3896 Cal·

41 3925 89 4004 tini
109 3937 357 4042 exegeticorum
379 3937 452 4019 §ati
482 3937 582 4045 operi
612 3935 849 4042 adiungerem.
898 3934 1029 4014 Nobile
1059 3967 1144 4042 pro·

45 4043 109 4126 letto
141 4057 339 4150 consilium,
373 4055 472 4163 quod
505 4055 700 4134 admodum
738 4057 825 4132 mibi
864 4055 987 4132 arrisit.
1045 4056 1142 4155 Quid

43 4167 109 4245 ffllm
130 4177 233 4282 magis
257 4191 549 4270 consentaneum,
579 4205 686 4282 quam
707 4196 747 4255 ut
771 4175 937 4282 operibus
961 4203 1142 4253 commen·
1212 4279 1218 4288 ο

45 4291 133 4368 ttofis
158 4295 380 4390 iumomlu,
415 4317 529 4404 quae
541 4327 623 4376 cum
654 4315 825 4406 perpetua
856 4297 929 4374 lere
963 4291 1142 4372 oblivione

822 4431 841 4474 a
