2596 4840
155 249 196 316 fl
337 241 490 310 sucum
510 243 552 305 tt
590 244 730 310 toanms
748 243 937 309 sermm
955 259 1110 310 naraxus.

156 391 226 452 dnm
247 401 300 464 est,
318 409 358 452 ne
377 387 451 450 falso
472 389 651 450 concordiae
672 399 823 470 praetextu
842 411 908 451 cnm
929 389 1027 472 impiis
1046 387 1130 450 stulte
1148 385 1259 470 implice-

155 486 231 530 mur.
270 468 350 542 Quia
365 467 533 547 speciosum
557 487 590 528 ae
610 465 766 548 plausibile
787 479 831 526 est
850 487 960 527 nomen
981 468 1071 547 pacis,
1096 465 1202 546 quoties
1220 487 1260 526 oc·

156 544 296 608 euaristo
318 544 484 625 Scriptura,
505 543 610 623 cupide
631 543 770 623 arripitur
789 564 805 603 a
824 542 948 622 Papistis
969 545 1003 603 ad
1025 543 1198 603 conflandam
1216 563 1260 600 no-

155 623 200 683 bis
220 621 367 694 insidiam,
388 619 469 698 quasi
489 640 554 692 nos,
575 619 625 698 qui
643 620 784 679 mundum
804 641 820 680 a
839 619 949 700 perfida
960 619 1124 679 deiectione
1141 637 1261 678 revocare

153 699 189 760 ad
203 698 353 759 Christum
374 714 525 768 conamur,
546 695 754 754 discordiarum
774 695 861 755 simus
875 709 1017 757 auctores.
1059 695 1117 755 Sed
1136 695 1190 754 boc
1202 715 1260 752 con-

154 787 236 836 tentu
255 774 357 853 pulcre
376 771 522 830 refellitur
542 791 643 830 eornm
664 771 787 842 inscitia,
808 772 888 852 quod
908 772 1039 854 Angelus
1059 770 1260 830 modumsuae

155 862 186 914 et
210 849 357 932 legitimae
381 847 582 909 conversionis
602 847 742 907 definieris
767 847 904 907 fulturam
926 847 988 907 eius
1014 869 1046 909 ac
1065 846 1204 907 vinculum
1227 845 1260 904 sa-

154 929 196 990 cit
215 928 357 986 iustorum
377 922 571 1004 prudentiam.
615 923 771 983 Maledicta
797 943 869 1008 ergo
900 924 940 983 sit
963 945 1019 1004 pax
1043 935 1073 984 et
1090 924 1194 994 unitas,
1217 941 1260 1002 qua

152 1006 235 1066 inter
252 1021 283 1062 se
304 1012 382 1061 extra
403 1001 500 1058 Deum
520 1000 700 1060 conveniunt
719 999 863 1059 homines.
906 998 1004 1060 Porro
1023 1001 1141 1060 minime
1160 998 1259 1056 dubium

20 1093 27 1112 “
154 1093 214 1152 est,
241 1079 312 1157 quin
333 1097 388 1157 per
406 1076 550 1136 iustorum
569 1076 755 1156 prudentiam
774 1075 965 1158 intelligenda
985 1077 1021 1136 sit
1040 1077 1128 1150 fides,
1153 1075 1219 1134 sicut
1235 1093 1259 1131 er

154 1177 174 1219 o
196 1159 294 1236 posito
319 1151 526 1213 inobedientes
548 1162 693 1230 vocantur
715 1152 867 1212 increduli.
913 1152 1097 1213 Praeclarum
1121 1169 1185 1211 sane
1208 1149 1259 1207 idei

153 1177 301 1314 eligium,
321 1249 355 1288 ex
375 1249 434 1307 quo
456 1227 610 1304 discimus,
629 1239 701 1287 tunc
721 1247 777 1286 uos
796 1228 854 1287 rite
871 1247 974 1308 sapere
994 1230 1029 1288 ad
1050 1229 1194 1302 iustitiam,
1221 1223 1259 1283 ubi

153 1309 345 1389 obsequimur
362 1303 597 1368 veranomini.
636 1302 736 1362 Habet
755 1323 835 1363 suam
855 1323 975 1384 quoque
994 1305 1173 1386 prudentiam
1192 1321 1259 1362 mun-

153 1388 217 1460 tlus,
236 1384 287 1444 sed
307 1401 472 1464 perversam
491 1379 619 1460 ideoque
638 1379 833 1453 mortiferam,
852 1379 912 1440 imo
925 1401 998 1462 quae
1011 1381 1143 1442 vanitatis
1162 1380 1258 1438 damna-

152 1473 216 1524 tur:
244 1477 409 1550 quanquam
429 1455 552 1536 oblique
571 1454 703 1538 Angelus
726 1453 912 1515 umbratilem
931 1459 1119 1538 sapientiam,
1149 1451 1257 1536 quesibi

184 1549 270 1598 acent
293 1535 346 1594 lilia
370 1533 495 1605 saeculi,
527 1551 642 1612 pravam
669 1542 700 1588 et
720 1550 818 1590 coram
839 1531 906 1592 Deo
926 1533 1109 1593 maledictam
1129 1531 1258 1614 siguificat

130 1632 132 1638 ’
170 1637 214 1674 am
235 1627 387 1681 tenemus,
406 1610 448 1668 sic
467 1610 546 1667 inter
564 1627 595 1666 se
616 1605 816 1667 conciliandos
838 1627 900 1668 esse
920 1608 1071 1681 homines,
1091 1620 1124 1668 ut
1141 1605 1258 1687 imprimis

151 1692 276 1753 redeant
295 1709 360 1748 cum
372 1687 439 1744 Deo
459 1687 488 1744 in
510 1680 708 1744 concordiam.
750 1683 841 1756 Quod
862 1703 929 1743 mox
947 1706 979 1746 se
1001 1689 1081 1745 uitur
1100 1681 1258 1766 deiparanda

58 1809 62 1828 .
150 1768 283 1828 Domino
313 1762 401 1844 plebe
432 1761 564 1841 perlecta
598 1779 662 1818 eum
694 1757 747 1819 illo
778 1760 914 1820 membro
947 1707 1102 1836 cobaeret,
1138 1762 1257 1821 loannem

152 1843 266 1906 Christi
290 1857 469 1921 praeconem
495 1837 641 1908 futurum,
672 1845 706 1894 ut
732 1847 800 1894 ante
826 1836 929 1895 faciem
956 1839 1017 1898 eius
1041 1837 1179 1898 ambulet:
1208 1833 1258 1892 finis

151 1921 229 1981 enim
271 1913 477 1976 medicationis
498 1912 559 1970 eius
579 1921 657 1985 erat,
675 1911 793 1991 plebem
814 1911 939 1972 reddere
959 1916 1101 1974 intentam
1121 1910 1258 1974 audiendae

151 1997 263 2059 Christe
297 1991 456 2050 doctrinae.
506 1987 684 2066 Quanquam
715 1989 901 2070 participium
934 1996 1185 2065 κατεσκευασμένον
1210 2003 1257 2044 non

148 2085 208 2133 tam
228 2067 444 2152 perlectionem
463 2075 549 2123 sonat
568 2061 708 2139 Graecis,
735 2085 822 2216 qqsam
843 2065 967 2124 formam
989 2078 1018 2124 et
1038 2064 1256 2132 concinnitatem,

150 2167 207 2229 qna
227 2167 273 2204 res
293 2143 328 2202 ad
348 2163 431 2200 usum
451 2159 535 2252 supro
555 2142 700 2232 aptantur:
774 2161 828 2233 nae
848 2141 1021 2278 srpuilicatio
1042 2141 1186 2220 praesenti
1204 2140 1255 2197 loco

148 2245 218 2362 tt:
230 2216 599 2384 tlt..t¹¹:;¹‚ttt.·.ttl
611 2216 985 2376 summissius
1004 2216 1132 2356 {ult}
1147 2213 1256 2374 sipili

148 2391 297 2460 nunquam
316 2390 348 2434 se
369 2370 494 2431 docxlem
513 2367 703 2451 praebuisset

189 2641 249 2724 (4.)
270 2635 418 2707 LUC·l.
460 2633 510 2700 13.
541 2631 583 2698 Et
614 2631 693 2698 dixit
719 2631 889 2701 Zacharias
915 2633 957 2702 ad
978 2633 1154 2722 Angelum,
1176 2625 1255 2696 Unde

146 2739 435 2824 bocoognosoam?
456 2733 618 2819 egoenim
639 2753 708 2797 sum
731 2755 837 2814 sorrex,
860 2746 893 2800 ct
907 2755 988 2800 uror
1007 2757 1080 2802 moa
1102 2739 1255 2822 provectae

147 2850 197 2909 est
223 2839 346 2904 aetatis.
389 2835 439 2900 19.
468 2834 511 2899 Et
535 2831 739 2917 respondens
759 2835 902 2922 Angelus
931 2833 1009 2900 dixit
1037 2837 1084 2916 ei,
1114 2835 1182 2920 Ego
1201 2847 1254 2893 suu

146 2937 302 3020 Gabriel,
330 2939 387 3024 qui
421 2944 491 3000 asto
525 2935 633 3000 coxam
664 2933 757 3016 Deo,
783 2939 961 3022 missusque
994 2958 1064 3000 sum
1096 2947 1132 3000 ut
1159 2931 1256 3016 loquar

145 3043 188 3110 ad
214 3051 266 3118 te,
296 3049 329 3103 et
355 3037 437 3100 baec
466 3033 527 3099 tibi
562 3033 792 3120 evangelizem.
844 3038 896 3102 20.
927 3036 969 3100 Et
997 3057 1077 3100 ecce
1108 3037 1170 3100 eris
1197 3031 1257 3096 tasi·

50 3151 57 3158 “
143 3155 211 3224 tus,
241 3150 278 3205 nt
304 3137 397 3225 loqui
417 3155 485 3201 non
511 3137 617 3222 possis
645 3157 747 3223 usque
779 3135 820 3203 ad
851 3137 953 3214 diem,
983 3155 1048 3223 quo
1078 3137 1159 3200 haec
1178 3133 1256 3198 licut:

143 3267 187 3334 eo
208 3239 299 3330 quod
325 3259 395 3308 unu
414 3233 582 3305 credidisti
602 3235 711 3304 verbis
732 3241 828 3316 meis,
852 3259 936 3326 quae
957 3237 1176 3324 implebuntur
1194 3243 1257 3300 tem

142 3364 225 3433 pore
245 3361 315 3408 suo.

219 3525 267 3586 18.
305 3517 348 3580 Es
369 3515 448 3576 muts
471 3513 641 3578 luobus-ios
667 3511 711 3572 od
731 3513 888 3591 Angelum.
945 3517 1087 3600 Sequitur
1117 3509 1257 3576 Zachariae

143 3597 289 3660 dubitatio
315 3607 346 3654 et
369 3612 484 3674 poena,
517 3613 603 3674 quam
632 3590 668 3650 de
692 3591 753 3651 eius
778 3593 950 3654 infidelitate
975 3597 1097 3676 sumpsit
1117 3591 1256 3674 Dominus,

141 3676 282 3736 Precatus
300 3671 398 3730 iuerat
416 3691 471 3752 pro
486 3667 667 3748 impetranda
683 3667 802 3728 sobole:
822 3669 964 3730 nuncubi
978 3673 1168 3751 promittitur,
1187 3683 1255 3746 quau

141 3763 279 3812 votorum
299 3767 419 3808 surorum
440 3757 470 3805 et
487 3746 555 3805 fidei
573 3743 691 3818 oblitus,
711 3744 826 3805 diffidit.
865 3747 1042 3829 Quanquam
1062 3749 1155 3828 prima
1173 3737 1257 3822 specie

141 3827 235 3890 videri
255 3827 359 3884 durum
380 3833 496 3902 posset,
527 3821 607 3901 quod
634 3822 695 3880 eius
719 3841 861 3901 responso
882 3833 942 3882 tam
962 3824 1089 3904 graviter
1107 3817 1257 3882 ostenditur

142 3905 234 3963 Deus.
273 3900 387 3960 Obiicit
405 3900 517 3960 senium
537 3917 634 3957 suum:
654 3897 730 3955 idem
751 3897 822 3958 iecit
836 3899 994 3974 Abrabam,
1014 3899 1094 3960 cuius
1115 3905 1256 3974 tantopere

144 3978 280 4040 laudatur
299 3975 381 4048 Ades,
401 3986 435 4034 ut
454 3974 560 4034 Paulus
580 3972 659 4031 dicat
678 3973 778 4050 (llum.
799 3981 830 4049 d,
850 3977 922 4110 193,
942 3997 1004 4036 non
1024 3975 1180 4057 respexisse
1199 3987 1255 4028 cor.

141 4075 196 4138 pus
225 4073 310 4114 suum
333 4061 513 4123 emortuum,
533 4069 589 4108 nee
609 4049 728 4109 eiletam
752 4051 865 4112 vulvam
911 4071 991 4128 arae,
1022 4053 1072 4112 sed
1100 4047 1256 4130 simpliciter

142 4130 326 4266 ‘utilit
348 4128 469 4263 illiti
491 4127 613 4264 tiit?
626 4129 843 4264 &millii
870 4127 980 4264 'iili‘
999 4117 1255 4262 ²²⁰¹¹²i¹²a⁸ti¹lli

140 4230 188 4343 lest
239 4225 431 4359 ideongssud.
451 4285 485 4355 d,
505 4280 585 4356 17.),’
603 4299 693 4358 quum
714 4225 819 4361 iuptii
837 4227 965 4362 signuqriru
977 4223 1134 4366 tiabitalei.
1181 4269 1254 4348 Quin

142 4358 230 4426 etiem
248 4355 348 4423 similis
368 4355 456 4446 paulo
481 4367 550 4445 post
568 4355 678 4420 Mariae
702 4357 836 4446 exceptio
861 4357 1005 4442 retertur,
1029 4352 1189 4440 Quomodo
1212 4347 1253 4409 fiet
