2596 4840
123 271 159 316 vr
300 252 302 258 ’
565 247 811 312 PRAEFATIO.

124 402 251 478 obruta
285 395 502 486 viderentur,
546 425 641 474 nunc
671 397 708 472 in
738 395 853 474 lucem
878 410 1055 500 protracta
1076 394 1194 472 denuo
1217 394 1263 468 in

49 539 56 552 '
122 521 247 626 vulgus
282 533 510 607 revocantur,
552 515 813 593 commendatio
859 515 1126 620 praefigeretur,
1165 541 1265 616 quae

122 642 233 720 nostri
259 637 386 716 saeculi
411 636 574 712 homines
594 635 768 726 edoceret,
794 635 913 739 quanti
937 663 1114 737 quamque
1128 632 1265 736 egregii

122 760 305 838 doctrinae
329 760 446 835 fontes
465 757 501 835 in
523 755 588 834 illis
611 752 782 833 reconditi
806 755 882 831 sint.
932 760 1066 830 Verum
1086 753 1148 830 etsi
1161 781 1266 827 sum-

121 911 217 957 mam
243 876 435 954 asserebam
463 875 686 967 alacritatem,
711 891 829 950 tamen
856 902 900 950 ne
925 872 1094 950 voluntati
1118 869 1266 948 redem-

120 1000 231 1106 ptoris
257 995 393 1074 facilem
419 1023 476 1070 me
498 994 826 1099 praeberem,„eum
848 993 998 1070 maxime
1027 992 1087 1068 otii
1108 990 1264 1096 penuria

121 1119 262 1197 obstitit.
695 1125 701 1133 ·
955 1211 961 1224 ι

217 1235 281 1312 His
308 1231 353 1310 de
380 1235 543 1310 universo
569 1233 711 1336 negotio
746 1232 908 1336 expositis
933 1232 1018 1308 nihil
1042 1232 1112 1309 iam
1140 1247 1266 1321 restat,

120 1357 185 1434 nisi
217 1371 256 1432 ut
290 1348 457 1430 lectorem
491 1349 535 1428 ad
570 1381 651 1428 eum
688 1350 825 1441 locum,
860 1381 932 1455 quo
964 1351 1009 1428 de
1046 1349 1264 1455 praestantia

120 1462 270 1582 operum
313 1469 446 1549 Calvini
487 1472 743 1576 exegeticorum
783 1469 998 1576 disputatum
1047 1487 1114 1562 est,
1159 1470 1263 1546 able-

119 1627 200 1702 gem
212 1597 377 1696 ⁸)atque
401 1589 640 1670 incredibilem
666 1589 806 1668 laudem
834 1619 1122 1682 commemorem,
1145 1619 1260 1695 quarn

118 1717 174 1794 bis
218 1709 436 1818 temporibus
491 1712 618 1788 nostn's
665 1711 757 1787 nacti
802 1727 883 1788 sunt
924 1707 1061 1788 Calvini
1099 1711 1135 1786 in
1179 1714 1262 1816 epi-

117 1833 224 1914 stolas
245 1834 290 1910 N.
313 1837 358 1908 T.
381 1831 638 1921 commentarii,
663 1847 703 1908 ut
726 1860 879 1936 quorum
905 1828 1063 1935 exempla
1087 1829 1194 1906 millia
1224 1847 1263 1906 et

116 1955 315 2062 quingenta,
339 1950 496 2055 undique
516 1951 595 2028 licet
621 1951 902 2056 obstrepentibus
922 1951 1020 2028 ranis
1044 1948 1172 2028 saeculi
1198 1979 1264 2027 su·

118 2074 267 2180 perioris
296 2073 485 2177 sapientiae
513 2069 800 2163 admiratonbus,
827 2069 918 2148 intra
949 2071 1078 2147 biennii
1103 2071 1260 2174 spatium

117 2194 297 2272 venierint.
348 2193 517 2268 Profecto
545 2191 616 2265 hoc
642 2219 786 2294 quoque
810 2189 891 2266 loco
910 2219 976 2267 usu
998 2193 1095 2268 uenit
1117 2207 1261 2266 senten-

116 2316 163 2391 tia
187 2311 362 2390 Francisci
375 2312 536 2402 Baeonis,
557 2312 617 2414 qui
640 2327 780 2415 tempus
804 2311 910 2387 lluvio
924 2311 1151 2416 ‘comparavit
1165 2311 1261 2386 levia

117 2453 222 2538 atque
247 2431 362 2507 inllata
389 2427 434 2504 ad
460 2459 524 2506 nos
553 2429 753 2521 devehenti,
775 2429 887 2506 solida
910 2449 1028 2508 autem
1054 2449 1088 2508 et
1113 2431 1260 2536 pondus

118 2554 281 2632 babentia
305 2550 554 2652 submergenti,
576 2577 789 2651 quamquam
810 2579 854 2624 ne
874 2551 1087 2629 Heraclitum
1110 2551 1258 2652 quidem

118 2673 207 2750 ratio
233 2669 369 2758 sesellit,
396 2669 456 2770 qui
480 2669 658 2744 veritatem
683 2670 718 2742 in
739 2669 919 2769 profundo
946 2669 1141 2746 demersam
1168 2669 1260 2746 deli-

118 2810 250 2869 tescere
271 2804 420 2894 putaret,
442 2789 511 2866 τὸν
534 2789 574 2867 δὲ
601 2787 756 2866 πάντων
769 2789 1017 2889 βασανιστήν,
1045 2807 1193 2893 tempus,
1217 2794 1257 2868 in

118 2912 233 2989 locem
259 2935 337 2984 eam
364 2905 497 2982 elicere.
555 2913 806 3010 Contemptum
834 2909 946 2998 enim,
977 2939 1048 3012 quo
1077 2911 1259 2988 saeculum

119 3030 279 3134 superius
300 3055 467 3130 magnum
483 3025 647 3102 eeclesiae
672 3026 939 3104 instauratorem
954 3029 1152 3132 deprimere
1179 3063 1257 3108 sus·

118 3150 237 3242 tinuit,
279 3175 386 3252 quam
423 3145 604 3249 splendide
638 3143 799 3221 videmus
833 3175 852 3222 a
892 3150 1019 3225 nostris
1052 3151 1257 3253 aequalibus

118 3269 331 3350 vindicatum
358 3283 462 3369 atque
485 3269 766 3369 compensatum!

126 4278 192 4423 ¹83
205 4276 530 4419 Lpimiiwhffmeiw
546 4282 588 4335 tor
605 4281 752 4338 ebristlicbe
769 4283 914 4352 Tbeologic
929 4287 984 4340 und
1000 4283 1201 4346 Wisseascbalt,
1218 4282 1261 4334 sor·

193 4405 200 4419 .
243 4383 267 4416 o.
324 4393 357 4404 -
400 4403 407 4418 .
