2524 4856
412 205 539 252 cunum
558 205 737 252 vamcmra.
1090 195 1149 258 aaa

1 386 2 392 ι
35 349 235 414 sumserunt
254 335 347 400 salutis
366 339 439 400 riam
457 351 582 402 teneant.
622 340 699 402 ltine
719 350 765 403 tot
783 341 966 402 certaminum
987 344 1146 426 congeries,

1 468 2 474 ,
36 429 59 478 ut
72 413 168 476 duriter
188 414 251 496 ipsis
270 415 444 476 militandum
462 415 512 493 sit,
536 417 603 478 licet
621 419 725 510 absque
747 415 887 508 periculo.
946 417 1022 478 Hine
1044 433 1089 481 tot
1112 443 1145 484 ae

35 503 77 550 bru
98 491 200 552 subitae
225 490 465 581 perturbationes,
494 505 526 552 ut
549 495 648 554 misera
677 493 871 573 inquietudine
896 506 1049 571 vexentur,
1080 496 1145 560 licet

1 621 2 624 ,
35 569 130 630 llaristn
148 565 234 628 innixa
255 566 346 706 probe
365 567 399 628 ad
419 569 504 630 finem
524 591 611 649 usque
631 570 795 630 consistant.
844 569 937 631 Porro
957 593 1042 651 quum
1059 573 1143 634 disci-

34 645 98 734 pulus
119 663 215 704 carere
240 665 255 702 a
297 643 460 723 imposturis
484 644 564 706 iubet
588 645 728 720 Christus,
756 645 872 706 sciamus
892 647 1006 708 modum
1027 651 1144 710 cavendi

33 719 71 780 dlis
87 739 140 778 uon
157 717 271 794 delore,
290 721 376 780 modo
396 741 433 780 ne
452 720 503 782 sibi
523 719 624 797 desint.
664 722 763 796 Quare
783 743 819 782 ne
838 721 1004 795 dubitemus,
1024 725 1047 784 si
1067 724 1142 805 quis-

32 818 73 876 que
93 807 213 854 nostrum
238 795 268 854 iu
293 817 342 856 sua
366 796 488 856 statione
512 796 609 858 sedulo
636 797 670 856 ad
691 797 819 858 excubias
839 797 962 860 intentus
985 799 1037 878 sit,
1061 822 1142 882 quas-

2 874 6 880 ’
33 893 121 953 cunque
137 869 248 930 insidias
264 870 439 932 machinetur
457 871 552 946 Satan,
572 893 624 932 nos
644 871 678 932 ab
698 873 750 934 illis
769 885 845 932 tutos
866 875 937 934 sore.

88 951 112 1008 5.
148 949 239 1006 Mutet
260 951 338 1007 enim
362 951 487 1008 reuirat.
526 949 659 1008 Nondum
690 949 719 1008 in
749 971 856 1028 gernere
884 951 919 1009 de
944 951 1086 1032 perversis
1111 963 1142 1012 et

32 1021 146 1084 bllaeibcu
170 1022 307 1084 doctrinis
329 1023 358 1082 lo
381 1023 470 1097 uitur,
498 1024 547 1085 sed
570 1025 694 1103 speciem
719 1047 801 1086 unam
826 1027 950 1108 attingit,
974 1049 1044 1108 quae
1064 1027 1141 1090 velut

31 1099 144 1176 quoddam
164 1097 336 1178 praeludium
359 1047 411 1159 iuis
431 1100 556 1160 oxnnium
578 1123 721 1176 errorum,
746 1099 846 1184 quibus
866 1103 943 1164 varie
962 1116 1077 1163 conatus
1098 1116 1141 1166 est

30 1179 95 1263 Satan
113 1197 216 1264 puram·
224 1173 370 1258 Evangelii
389 1175 544 1266 ductrinana
564 1175 740 1240 labefactare.
782 1179 852 1238 Nam
872 1179 954 1258 paulo
972 1191 1037 1272 post
1053 1178 1145 1240 Chri-²

6 1261 7 1264 ’
29 1263 55 1308 ιιι
74 1263 305 1312 resurreetcnnem
329 1265 420 1312 exoru
444 1264 511 1312 scrut
533 1265 715 1333 demostenes,
740 1275 862 1332 quorum
883 1275 1050 1336 sequaxque
1069 1278 1150 1338 pro-1

30 1327 95 1386 lesus
112 1339 151 1386 est
170 1327 326 1388 (ibristum.
367 1327 443 1404 Quia
460 1340 555 1388 autern
577 1350 633 1388 riou
654 1341 764 1389 tantum
785 1349 801 1389 e
822 1329 914 1390 medio
933 1331 1058 1392 sublatus
1078 1343 1139 1394 erat

30 1424 91 1462 cerus
109 1403 299 1484 Redemptor,
317 1403 365 1466 sed
386 1403 538 1486 ignominia
559 1405 649 1464 errrcis
669 1426 832 1486 oppressus,
857 1417 886 1464 et
906 1418 1000 1467 tamen
1020 1428 1071 1488 spe
1091 1429 1137 1470 re-

28 1477 170 1556 demptionis
190 1493 302 1540 erectae
320 1492 399 1540 erant
421 1479 546 1538 omnium
570 1491 679 1540 urentes
699 1493 728 1540 et
747 1481 884 1541 desiderio
895 1501 1036 1557 accensae,
1053 1483 1136 1574 plau-

29 1553 93 1614 sibilis
111 1553 218 1616 fallendi
238 1557 351 1616 occasio
372 1555 423 1616 illis
442 1557 476 1616 ad
496 1578 609 1616 uranum
629 1555 691 1615 luit.
729 1559 790 1617 Nec
809 1558 924 1617 dubium
945 1570 995 1629 est,
1015 1579 1080 1638 quau
1094 1571 1137 1620 ta-

29 1627 81 1690 libus
98 1631 251 1712 praestigiis
272 1632 408 1694 bulcardus
426 1633 546 1694 ludaeos
566 1631 726 1712 exposuerit
747 1635 840 1704 licus,
865 1633 911 1714 qui
932 1632 1033 1694 Filium
1053 1656 1135 1696 suurn

29 1715 69 1764 tam
84 1704 136 1765 iudi
157 1729 193 1768 ne
212 1707 388 1790 repulerant.
435 1707 495 1768 Etsi
515 1720 608 1768 autem
628 1707 708 1769 brevi
727 1709 874 1789 dissipatae
893 1721 958 1770 sunt
977 1709 1039 1770 illae
1062 1709 1135 1770 insa-

28 1781 86 1856 niae,
101 1728 187 1843 vobit
205 1797 300 1844 tamen
322 1785 399 1844 Deus
417 1785 536 1844 ludaeos
556 1783 594 1844 ita
613 1785 737 1846 interae
756 1784 933 1845 tumultuari:
962 1786 1084 1868 primum
1103 1797 1140 1846 ut

26 1879 48 1916 se
61 1857 166 1920 infames
183 1872 214 1920 et
233 1881 335 1920 exosos
354 1859 514 1934 redderent,
533 1860 635 1922 deiude
654 1872 686 1920 ut
704 1862 776 1941 apud
799 1881 847 1922 eos
868 1883 982 1942 prorsus
1002 1861 1135 1924 concide-

27 1945 60 1992 ret
78 1935 163 1996 salutis
181 1935 296 1998 fiducia:
325 1935 449 2015 denique
470 1949 499 1994 ut
519 1935 604 1996 toties
625 1937 747 1996 instrati
766 1937 851 1996 bruto
870 1949 990 2018 stupore
1009 1939 1037 1998 iu
1057 1960 1134 1998 suam

27 2010 153 2086 pernicicm
177 2022 306 2074 ruerent.
359 2013 432 2072 Nam
453 2012 501 2072 ubi
519 2034 535 2071 a
555 2011 628 2072 Filio
647 2011 716 2085 Dei,
740 2013 817 2071 cuius
837 2011 959 2073 officium
981 2026 1023 2074 est
1042 2015 1071 2072 in
1090 2035 1134 2074 sa·
1211 2079 1219 2094 ι

27 2107 83 2144 rum
99 2088 231 2148 unitatem
252 2108 304 2148 nos
324 2087 469 2170 colligere,
489 2087 610 2148 mundus
628 2086 757 2161 dislluxit,
776 2108 893 2164 aequum
915 2100 957 2148 est
978 2090 1031 2150 huc
1051 2100 1081 2149 et
1100 2089 1134 2147 il-

26 2157 58 2220 luc
74 2173 193 2242 unquam
213 2163 346 2244 procellis
365 2185 394 2224 ra
417 2163 477 2224 tari.
516 2165 553 2224 Et
572 2163 669 2223 eadem
688 2163 743 2223 Dei
764 2163 883 2223 vindicta
903 2162 1006 2224 taum
1026 2177 1082 2236 est,
1103 2175 1134 2223 ut

25 2235 85 2298 stulta
105 2240 250 2302 credulitas
268 2237 362 2320 plures
383 2186 535 2320 abriperet,
554 2260 636 2320 quam
655 2250 732 2300 recta
756 2238 822 2300 fides
841 2239 871 2298 in
892 2239 947 2300 Dei
965 2240 1132 2320 obsequium

26 2309 156 2376 adduxerat.
213 2315 254 2376 Et
280 2313 350 2376 banc
371 2314 605 2377 circumstantiam
625 2315 688 2374 data
708 2334 794 2396 opera
815 2315 942 2376 Cbristus
961 2317 1069 2396 posuit,
1094 2335 1133 2374 ne

25 2387 96 2450 fideles
113 2403 262 2473 conspecta
282 2389 479 2452 insanientium
499 2391 581 2452 turba
602 2390 785 2454 tabescerent.
825 2391 936 2452 Scimus
945 2391 1029 2465 enirn,
1049 2411 1131 2471 quam

26 2465 126 2538 procliue
148 2470 184 2530 sit
207 2468 243 2528 ad
270 2467 475 2532 multitudinem
495 2467 663 2544 deflectere,
685 2467 850 2548 praesertim
869 2468 918 2529 ubi
939 2468 1022 2546 pauci
1037 2488 1131 2528 sumus

24 2559 128 2606 temeto.

79 2617 103 2680 6.
137 2621 286 2681 Audituri
307 2623 382 2680 estis
401 2621 488 2680 bello.
534 2619 629 2680 illutus
649 2629 756 2678 tantum
775 2617 897 2681 iudaicos
917 2617 1058 2680 hocloco
1081 2617 1129 2678 de-

24 2687 104 2770 signat:
140 2719 205 2757 narn
236 2695 318 2779 paulo
348 2707 414 2778 post
446 2695 525 2755 latius
555 2695 741 2778 spargendum
773 2717 833 2757 esse
860 2697 1020 2756 incendium
1045 2695 1128 2755 dicct.

25 2771 247 2838 (transeundum
269 2783 362 2834 autern
388 2771 463 2850 prius
488 2791 587 2832 cavere
606 2770 699 2844 iussit,
723 2791 760 2831 ue
780 2770 842 2852 quis
861 2793 911 2834 eos
930 2772 1063 2851 decipiat,
1089 2770 1129 2832 sic

24 2863 80 2906 uum
96 2847 236 2929 intrepide
255 2851 349 2910 anime
370 2848 498 2928 excipere
517 2846 595 2906 iubet
613 2867 742 2907 rumores
759 2846 908 2923 bellorum,
928 2861 957 2908 et
977 2847 1128 2928 bellaipsa:

23 2937 70 2978 nani
91 2925 243 3002 periculum
268 2936 327 2986 erat
352 2945 387 2984 ne
411 2923 488 2983 arcadis
512 2923 609 2982 obruti
627 2923 797 2998 deficerent,
826 2924 990 3004 praesertim
1010 2924 1032 2984 si
1051 2935 1128 2982 tran-

37 2995 113 3058 uilluux
130 3015 158 3062 et
177 3001 281 3062 laetum
302 3002 393 3062 otium
412 2999 465 3060 sibi
485 2998 601 3059 luissent
623 2998 749 3080 polliciti.
802 2999 888 3060 Aridit
907 3011 1041 3079 oportere
1061 2998 1129 3057 haec

22 3015 78 3145 ieri,
99 3097 206 3138 eausam
225 3099 286 3138 non
305 3078 457 3168 assignans,
477 3076 526 3136 sed
544 3077 711 3149 admonens,
736 3073 805 3134 nihil
825 3075 925 3135 tiorum
945 3074 1064 3136 fortuito
1083 3074 1129 3134 vel

21 3145 105 3226 tbtque
128 3153 180 3214 Dei
208 3155 385 3234 providentia
407 3152 549 3226 accidere,
576 3173 613 3212 ne
640 3150 740 3212 frustra
764 3164 860 3210 contra
884 3148 1025 3210 stimulum
1046 3148 1128 3208 calci·

22 3231 90 3286 trent:
107 3228 174 3288 nibil
193 3229 269 3290 enirn
292 3229 325 3290 ad
345 3252 399 3290 nos
418 3227 588 3310 subigendos
607 3224 744 3286 efficacius
762 3248 844 3316 quarn
864 3223 1129 3306 durrraguosciruus,

21 3319 75 3370 quae
96 3305 210 3366 maxime
236 3305 368 3368 videntur
391 3305 506 3366 eorrlusa
530 3305 623 3362 Deum
647 3325 699 3364 suo
723 3302 839 3362 arbitrio
864 3301 1013 3361 moderari.
1072 3299 1129 3378 lpsi

21 3377 111 3448 quilenx
128 3382 193 3442 lteo
220 3403 360 3462 nunquam
387 3381 473 3442 iustae
493 3399 591 3440 causae
611 3389 640 3438 et
659 3377 781 3460 optimae
801 3379 923 3439 rationes
942 3379 1056 3451 desunt,
1079 3397 1130 3436 cur

22 3455 132 3518 trundum
156 3459 263 3519 turbari
287 3456 370 3520 sinat:
407 3479 506 3518 xerxem
552 3455 593 3514 uia
620 3454 648 3514 in
669 3476 748 3514 rnero
769 3455 827 3514 eius
849 3455 951 3536 placito
970 3453 1064 3514 fideles
1083 3473 1128 3511 ac·

22 3525 144 3602 quiescere
164 3537 316 3609 convenit,
337 3533 400 3596 satis·
420 3531 515 3592 babuit
531 3479 661 3592 blaristus
681 3529 786 3590 hortari
806 3529 963 3622 discipulos,
982 3540 1015 3589 ut
1033 3527 1130 3588 animis

21 3599 45 3662 at
65 3605 203 3669 terendum
227 3611 390 3690 compositis
415 3619 577 3670 coxrstantes
596 3617 758 3677 manerent,
784 3608 848 3688 quia
871 3619 906 3666 ata
926 3605 1053 3666 Domino
1071 3604 1129 3685 pla·

21 3691 62 3738 ret
96 3685 155 3744 Sed
171 3688 299 3748 nundum
310 3689 397 3766 fiais.
455 3685 590 3766 Apertius
613 3683 761 3744 denuntiat
784 3684 860 3764 quod
884 3683 939 3743 iam
963 3683 1032 3756 dixi,
1098 3701 1130 3740 ae

22 3773 61 3830 per
77 3781 105 3816 se
123 3762 217 3842 grauia
236 3777 325 3838 erant,
345 3762 483 3822 maiorum
501 3773 593 3820 tamen
613 3760 796 3820 calamitatum
816 3759 950 3839 quaedam
964 3758 1053 3820 solum
1079 3775 1130 3815 ore

22 3833 152 3906 prraeludia:
171 3839 235 3918 quia
257 3839 304 3899 ubi
325 3840 434 3899 ssaxrxma
454 3835 590 3898 bellorum
602 3837 731 3896 iudaeam
750 3835 927 3916 corripuerit,
944 3834 1130 3894 latiusereuu-

22 3917 65 3980 ttl
117 3913 187 3974 Nam
213 3936 245 3974 ex
270 3937 329 3996 quo
349 3936 435 3995 propa
458 3927 500 3973 ata
521 3913 573 3972 luit
594 3912 740 3993 Evarrgelii
761 3913 901 3984 doctriua,
932 3911 1026 3971 similis
1046 3909 1129 3967 etiam
1170 3943 1178 3952 ·

21 3984 80 4058 apud
99 3988 160 4050 alias
180 4006 280 4071 gentes
300 3935 472 4072 ingratitudo
497 3991 565 4049 iraur
591 3989 645 4048 llei
668 3989 805 4048 accendit.
864 3989 938 4046 lliuc
962 3987 1064 4044 lactum
1091 3993 1132 4044 est

24 4069 54 4130 lb
70 4063 113 4142 qui
132 4065 272 4128 vinculum
291 4071 366 4150 pacis
386 4090 449 4129 curu
470 4069 535 4126 Deo
556 4076 700 4146 ruperant,
721 4085 750 4124 se
770 4064 871 4124 mutuis
890 4061 1008 4124 dissidiis
1028 4060 1131 4120 lacera-

23 4149 84 4194 rcut:
111 4141 157 4222 qrai
176 4144 232 4204 ttei
252 4166 349 4226 parere
368 4143 488 4224 irrrprccio
507 4141 677 4216 abnuerant,
697 4139 818 4202 laostiuur
840 4137 988 4200 violentiae
1004 4157 1132 4226 succuru-

23 4205 122 4276 berentx
159 4217 206 4296 qui
226 4225 290 4282 Deo
311 4219 485 4282 reconciliari
507 4239 565 4278 nou
585 4217 784 4290 sustinuerant,
805 4217 878 4276 iuter
897 4233 927 4275 se
946 4211 1066 4275 vicissun
1086 4221 1132 4269 ιιι-

24 4287 222 4358 mutuarentur:
241 4297 293 4380 qui
309 4297 430 4378 denique
450 4294 565 4360 coelesti
583 4293 670 4358 salute
689 4315 720 4357 se
737 4293 944 4369 abdicaverant,
962 4288 1008 4350 alii
1025 4285 1134 4348 inalioa
