2496 4852
168 257 227 324 tae
379 191 533 315 sueno
554 249 591 310 V.
630 247 781 312 numus
801 247 877 312 lusu
897 261 1094 310 rumorum

171 395 450 478 mantuanos,
471 401 528 486 qui
548 395 633 464 male
654 397 765 464 siiecti
787 377 1000 464 omnivariis
1019 392 1149 474 morbis,
1167 402 1196 459 et
1212 394 1243 462 da

171 505 282 572 monia
301 498 402 568 multa
424 499 536 564 eiecit:
567 507 600 564 et
625 519 693 564 non
720 495 849 564 sinebat
874 496 967 584 loqui
995 495 1172 576 daemonia,
1202 497 1243 582 qul

171 609 277 697 ipsum
302 603 479 670 novissent.
535 597 587 662 35.
617 599 660 666 Et
691 621 785 664 mane
814 596 913 664 multa
940 595 1047 662 adhuc
1071 607 1177 678 nocte,
1197 615 1243 682 que

173 708 371 780 surrexisset,
391 710 424 766 et
444 717 592 784 egressus
614 709 670 778 est,
693 711 726 766 ct
747 698 828 765 abiit
847 701 938 764 lesus
957 701 993 764 iu
1006 698 1165 764 desertum
1184 697 1243 772 lom

172 811 285 898 ibique
308 802 431 872 orabat.
478 799 528 864 36.
555 799 597 863 Et
617 811 835 886 prosequutus
859 809 908 864 est
928 797 1019 893 illum
1041 798 1164 878 Simon,
1189 805 1243 894 etp

175 935 247 980 cum
269 930 311 975 eo
334 911 434 972 erant.
480 899 532 964 37.
561 897 737 986 Quumque
764 901 962 966 invenissent
984 921 1072 978 eum,
1099 899 1243 990 dixerunt}

173 1015 300 1082 Omnes
341 1009 503 1094 quaerunt
541 1011 584 1066 te.
645 1001 697 1066 38.
734 1001 778 1066 Et
820 1003 865 1066 uit
904 999 987 1080 illis,
1013 1001 1133 1066 Eamus
1160 1005 1192 1066 iu
1220 1019 1243 1085 pt

172 1117 276 1184 ximos
292 1109 392 1182 uicos,
412 1112 448 1167 ut
470 1110 502 1166 et
523 1097 570 1166 ibi
590 1099 790 1187 praedicem:
813 1105 846 1166 in
868 1101 933 1170 hoc
954 1103 1039 1168 enim
1063 1123 1202 1189 egressus
1218 1089 1243 1172 sd

172 1217 225 1282 39.
244 1211 288 1278 Et
306 1199 520 1298 praedicabat
537 1205 572 1268 in
593 1203 769 1290 synagogis
798 1197 912 1270 coium
934 1205 1060 1272 intuta
1082 1201 1243 1294 Galilaea„

173 1312 345 1385 daemonia
367 1302 528 1372 eiiciebut.
1242 1329 1243 1370 t

258 1467 362 1538 LUC.
382 1466 440 1533 Ν.
481 1464 533 1529 38.
562 1460 673 1550 Quum
702 1471 810 1528 autem
834 1466 1023 1530 surrexisset
1049 1464 1182 1530 lesuse

173 1595 271 1666 gogo,
296 1568 442 1635 introivit
467 1565 503 1629 in
529 1562 660 1629 domum
683 1561 833 1630 Simonis.
886 1565 1005 1631 Socrus
1037 1575 1142 1630 eutem
1167 1467 1243 1728 Silili

173 1673 347 1746 tenebatur
366 1664 453 1734 febri
473 1685 600 1750 magna,
622 1671 655 1727 et
666 1675 863 1750 rogaverunt
882 1687 944 1751 pro
967 1663 1034 1730 illa.
1076 1667 1128 1730 39.
1148 1665 1186 1729 Et
1197 1672 1243 1752 sut¹

173 1795 273 1862 supra
292 1769 390 1848 illem,
402 1766 581 1850 increpavit
592 1761 718 1842 febrim,
730 1774 762 1830 ct
774 1764 875 1830 febris
890 1766 1009 1832 dimisit
1019 1766 1125 1832 illam:
1139 1767 1228 1832 statim

172 1892 308 1964 surgens
319 1865 521 1935 ministrabat
536 1861 611 1928 illis.
632 1863 684 1928 tu.
704 1863 814 1951 Quum
827 1875 931 1931 autem
951 1865 1003 1931 sol
1015 1867 1185 1946 occideret,
1193 1765 1243 2054 mi

174 1980 232 2067 qui
255 1970 422 2042 habebant
443 1966 589 2032 infirmos
606 1967 705 2030 variis
727 1963 858 2045 morbis,
879 1965 955 2032 illos
976 1967 1143 2035 ducebant
1163 1967 1226 2032 ade

174 2078 304 2164 etipse
330 2067 466 2157 singulis
494 2088 606 2132 manus
633 2067 805 2151 imponens
831 2066 968 2133 sanabat
986 2089 1055 2136 eos.
1097 2071 1149 2136 st.
1168 2066 1243 2152 Exiit

174 2186 282 2246 antem
304 2172 477 2240 daemonia
502 2189 521 2232 a
541 2165 658 2248 multis,
680 2164 850 2231 clamantia
873 2189 910 2232 sc
932 2167 1083 2253 dicentia,
1105 2164 1243 2235 TucsC'

174 2287 243 2346 stus
261 2271 365 2341 Filius
385 2273 461 2338 Dei.
501 2271 545 2336 Et
564 2271 744 2353 increpans
766 2287 835 2332 non
861 2265 989 2334 sinebat
1014 2291 1054 2334 eu
1083 2269 1187 2358 loqui,
1211 2292 1227 2352 q

172 2379 349 2454 novissent,
370 2375 474 2460 ipsum
496 2391 568 2438 esse
581 2365 756 2435 Christum.
797 2369 849 2433 42.
870 2368 973 2436 Facto
994 2381 1105 2442 autem
1124 2370 1216 2448 die,c

173 2501 228 2548 sus
255 2478 314 2542 ivit
340 2477 375 2540 iu
397 2472 560 2538 desertum
591 2467 715 2546 locum,
743 2477 776 2532 et
801 2467 917 2534 turbae
943 2469 1151 2556 quaerebant
1169 2467 1243 2544 euml

171 2583 334 2644 venerunt
353 2592 458 2659 usque
480 2569 523 2636 ed
545 2573 658 2655 ipsum,
680 2577 713 2632 et
734 2566 925 2636 detinebant
945 2569 1046 2649 illum,
1066 2593 1114 2638 ne
1129 2567 1228 2638 disced

174 2675 294 2748 abeis.
334 2673 385 2738 43.
400 2668 544 2758 Quibus
572 2667 629 2733 ille
652 2669 710 2746 ait,
735 2667 841 2734 Etiam
869 2668 940 2736 aliis
967 2669 1155 2738 civitatibus
1179 2691 1233 2758 opo

172 2796 226 2844 me
247 2769 473 2858 evangelizare
493 2789 628 2856 regnum
649 2767 730 2833 Dei:
753 2791 828 2835 nam
856 2771 890 2838 in
912 2771 976 2840 boc
1001 2773 1121 2840 missus
1146 2794 1218 2839 sum.

172 2871 383 2965 praedicabat
403 2873 439 2938 in
459 2870 634 2956 synagogis
656 2867 837 2938 Galilaeae.

249 3063 393 3130 biarc29.
425 3057 620 3122 Veneriensis
628 3057 744 3122 domum
752 3059 844 3122 Perse
876 3058 967 3136 Quod
979 3057 1056 3124 banc
1068 3062 1215 3127 historiam

171 3141 275 3206 thaeus
295 3161 349 3202 suo
370 3135 475 3200 ordine
494 3159 555 3199 uon
576 3149 743 3214 recenseat,
763 3139 913 3198 coniiccre
931 3139 1000 3199 iude
1020 3139 1110 3216 lic'et,
1130 3141 1207 3224 quod

172 3241 224 3284 eus
248 3216 424 3280 nominatim
451 3227 580 3295 quatuor
602 3227 717 3276 tautum
742 3213 902 3297 discipulos
923 3216 1044 3280 Cbrbto
1069 3217 1163 3280 tuisse
1186 3237 1218 3276 co
1242 3289 1243 3298 χ

171 3295 272 3360 tradit.
309 3293 429 3354 Deinde
448 3313 539 3374 quum
559 3313 576 3356 e
594 3311 745 3374 synagoga
771 3311 903 3374 egressus
927 3305 1008 3356 recta
1031 3311 1064 3356 ee
1091 3293 1243 3358 conulem

173 3368 293 3436 domum
317 3367 400 3432 Petri
438 3380 554 3450 tempus
581 3380 679 3432 exacte
703 3367 891 3432 eliIatthueo
916 3390 977 3430 non
1002 3367 1095 3431 fuisse
1122 3371 1236 3434 observa

171 3445 260 3510 facile
278 3455 369 3528 petet.
405 3412 504 3506 borao
523 3443 662 3506 ridentur
677 3443 883 3539 Euangelistae
900 3445 1074 3508 miraculum
1102 3447 1160 3508 boc
1179 3467 1241 3526 pecu

171 3525 247 3584 riter
264 3539 406 3596 narrasse,
425 3541 489 3582 uon
508 3522 588 3602 quod
607 3541 662 3602 per
679 3541 711 3584 se
730 3522 793 3583 alin
813 3534 890 3584 essct
907 3521 1053 3599 nobilius,
1071 3523 1124 3587 vel
1142 3540 1233 3584 memo

171 3620 218 3661 ma
242 3599 267 3682 '¹
290 3598 429 3682 dignum,
456 3598 510 3659 scd
528 3599 598 3680 quis
626 3599 659 3658 io
690 3618 727 3680 ee
748 3599 882 3662 Christus
910 3599 1105 3664 domesticum
1131 3613 1163 3661 et
1183 3599 1238 3659 inte

267 3691 372 3736 esuae
390 3672 540 3755 specimen
560 3673 690 3735 exhibuit
709 3672 874 3756 discipulis:
899 3675 1007 3736 deiude
1026 3678 1111 3756 quod
1136 3677 1218 3736 unius

170 3693 253 3814 filib
270 3750 382 3812 mortio
401 3749 537 3842 pluribus
560 3751 706 3814 nummulis
726 3751 807 3816 dedit
831 3753 1034 3828 occasionem,
1061 3764 1100 3844 ut
1119 3752 1227 3831 uudiqu

169 3826 537 3995 sustentetur,
550 3827 1039 3996 ursicampinam
1052 3841 1237 3968 eruut

168 3975 261 4041 imese
279 3978 380 4042 dicens
399 3979 482 4040 l'etn
499 3999 626 4040 sermm.
665 3979 784 4044 Certrus
804 3981 882 4042 enim
907 4000 941 4042 ec
968 3979 1116 4064 insignius
1142 3983 1240 4042 docum

169 4065 233 4117 tum
252 4053 310 4116 init
328 4057 443 4120 divinae
461 4059 622 4136 potentias,
640 4059 784 4196 temporis
803 4071 957 4122 momento
977 4070 1008 4120 et
1026 4057 1094 4120 selo
1114 4070 1195 4122 tactu
1211 4073 1241 4116 re

168 4143 300 4198 menum
315 4153 349 4199 ss
369 4151 487 4216 gravem
505 4134 644 4200 morbum
662 4147 695 4200 to
719 4156 778 4196 cre.
824 4135 1003 4218 Quanquam
1021 4146 1124 4201 suum
1143 4134 1239 4198 solon

167 4207 199 4270 id
217 4221 345 4291 poterat,
363 4230 482 4271 manum
500 4221 598 4276 temen
611 4213 672 4274 eius
691 4215 744 4274 teti
766 4213 800 4290 it,
819 4211 866 4276 vel
878 4212 1057 4294 exprimendi
1066 4209 1196 4274 aii'ectus
1208 4231 1234 4270 cs

166 4284 215 4348 vel
238 4287 307 4370 quia
329 4285 495 4370 symbolum
519 4285 578 4352 boc
601 4301 673 4351 tunc
697 4234 771 4351 otiis
800 4309 863 4352 esse
887 4301 1020 4352 noverat.
1067 4287 1188 4352 Scimus
1210 4303 1243 4348 en

166 4381 223 4441 pro
240 4365 386 4446 tmporis
402 4366 521 4430 nuens
539 4366 666 4430 mimum
682 4365 826 4449 symbolis
844 4366 939 4432 libere
957 4367 1046 4432 icisse
1063 4385 1162 4428 usum
1242 4349 1243 4426 l
