<?xml version="1.0" encoding="UTF-8"?>
<!DOCTYPE html PUBLIC "-//W3C//DTD XHTML 1.0 Transitional//EN"
    "http://www.w3.org/TR/xhtml1/DTD/xhtml1-transitional.dtd">
<html xmlns="http://www.w3.org/1999/xhtml" xml:lang="en" lang="en">
 <head>
  <title>
</title>
<meta http-equiv="Content-Type" content="text/html;charset=utf-8" />
  <meta name='ocr-system' content='tesseract 3.04.00' />
  <meta name='ocr-capabilities' content='ocr_page ocr_carea ocr_par ocr_line ocrx_word'/>
</head>
<body>
  <div class='ocr_page' id='page_1' title='image "./ioanniscalvinii01calvgoog_0104.png"; bbox 0 0 2568 4848; ppageno 0'>
   <div class='ocr_carea' id='block_1_1' title="bbox 326 257 1102 368">
    <p class='ocr_par' dir='ltr' id='par_1_1' title="bbox 326 257 1102 368">
     <span class='ocr_line' id='line_1_1' title="bbox 326 257 1102 368; baseline -0.003 -4"><span class='ocrx_word' id='word_1_1' title='bbox 326 283 438 364; x_wconf 75' lang='lat' dir='ltr'>u-u·</span> <span class='ocrx_word' id='word_1_2' title='bbox 456 277 591 368; x_wconf 63' lang='lat' dir='ltr'>tectu</span> <span class='ocrx_word' id='word_1_3' title='bbox 608 281 743 362; x_wconf 66' lang='lat' dir='ltr'>uuae-r</span> <span class='ocrx_word' id='word_1_4' title='bbox 868 257 874 264; x_wconf 82' lang='grc'>’</span> <span class='ocrx_word' id='word_1_5' title='bbox 1061 297 1102 362; x_wconf 82' lang='grc' dir='ltr'>ιι</span> 
     </span>
    </p>
   </div>
   <div class='ocr_carea' id='block_1_2' title="bbox 8 423 1178 1958">
    <p class='ocr_par' dir='ltr' id='par_1_2' title="bbox 8 423 1178 1110">
     <span class='ocr_line' id='line_1_2' title="bbox 13 423 1095 522; baseline 0.014 -39"><span class='ocrx_word' id='word_1_6' title='bbox 13 423 87 498; x_wconf 77' lang='lat' dir='ltr'>lunt,</span> <span class='ocrx_word' id='word_1_7' title='bbox 107 425 167 486; x_wconf 82' lang='lat' dir='ltr'>eius</span> <span class='ocrx_word' id='word_1_8' title='bbox 192 423 309 490; x_wconf 78' lang='lat' dir='ltr'>uirtutes</span> <span class='ocrx_word' id='word_1_9' title='bbox 333 436 458 522; x_wconf 85' lang='lat' dir='ltr'>totaque</span> <span class='ocrx_word' id='word_1_10' title='bbox 482 427 653 491; x_wconf 73' lang='lat' dir='ltr'>excellentia</span> <span class='ocrx_word' id='word_1_11' title='bbox 675 447 756 490; x_wconf 88' lang='lat' dir='ltr'>mere</span> <span class='ocrx_word' id='word_1_12' title='bbox 781 439 827 492; x_wconf 88' lang='lat' dir='ltr'>eet</span> <span class='ocrx_word' id='word_1_13' title='bbox 844 427 903 492; x_wconf 88' lang='lat' dir='ltr'>Dei</span> <span class='ocrx_word' id='word_1_14' title='bbox 921 429 1095 498; x_wconf 72' lang='lat' dir='ltr'>liberalitas:</span> 
     </span>
     <span class='ocr_line' id='line_1_3' title="bbox 11 499 1178 592; baseline 0.012 -31"><span class='ocrx_word' id='word_1_15' title='bbox 11 499 51 590; x_wconf 70' lang='lat' dir='ltr'>plu</span> <span class='ocrx_word' id='word_1_16' title='bbox 159 514 345 584; x_wconf 88' lang='lat' dir='ltr'>praepostere</span> <span class='ocrx_word' id='word_1_17' title='bbox 364 503 492 580; x_wconf 78' lang='lat' dir='ltr'>iaciunt,</span> <span class='ocrx_word' id='word_1_18' title='bbox 520 505 572 585; x_wconf 92' lang='lat' dir='ltr'>qui</span> <span class='ocrx_word' id='word_1_19' title='bbox 590 503 628 568; x_wconf 79' lang='lat' dir='ltr'>ab</span> <span class='ocrx_word' id='word_1_20' title='bbox 648 525 682 566; x_wconf 86' lang='lat' dir='ltr'>ea</span> <span class='ocrx_word' id='word_1_21' title='bbox 706 505 866 586; x_wconf 90' lang='lat' dir='ltr'>petendum</span> <span class='ocrx_word' id='word_1_22' title='bbox 886 507 998 570; x_wconf 86' lang='lat' dir='ltr'>docent</span> <span class='ocrx_word' id='word_1_23' title='bbox 1015 513 1096 592; x_wconf 90' lang='lat' dir='ltr'>qnod</span> <span class='ocrx_word' id='word_1_24' title='bbox 1172 511 1178 526; x_wconf 67' lang='lat'>⁸</span> 
     </span>
     <span class='ocr_line' id='line_1_4' title="bbox 9 575 1096 664; baseline 0.012 -28"><span class='ocrx_word' id='word_1_25' title='bbox 9 575 61 636; x_wconf 87' lang='grc' dir='ltr'>ιΙιιιι</span> <span class='ocrx_word' id='word_1_26' title='bbox 79 597 94 638; x_wconf 90' lang='lat' dir='ltr'>e</span> <span class='ocrx_word' id='word_1_27' title='bbox 110 577 257 639; x_wconf 80' lang='lat' dir='ltr'>nobiscum</span> <span class='ocrx_word' id='word_1_28' title='bbox 277 578 374 642; x_wconf 86' lang='lat' dir='ltr'>babet.</span> <span class='ocrx_word' id='word_1_29' title='bbox 412 581 506 642; x_wconf 85' lang='lat' dir='ltr'>Nimis</span> <span class='ocrx_word' id='word_1_30' title='bbox 524 600 596 643; x_wconf 85' lang='lat' dir='ltr'>vero</span> <span class='ocrx_word' id='word_1_31' title='bbox 618 601 709 644; x_wconf 85' lang='lat' dir='ltr'>cressa</span> <span class='ocrx_word' id='word_1_32' title='bbox 729 581 843 646; x_wconf 73' lang='lat' dir='ltr'>inscitia</span> <span class='ocrx_word' id='word_1_33' title='bbox 863 583 999 664; x_wconf 85' lang='lat' dir='ltr'>Papistae</span> <span class='ocrx_word' id='word_1_34' title='bbox 1018 587 1096 648; x_wconf 84' lang='lat' dir='ltr'>salu-</span> 
     </span>
     <span class='ocr_line' id='line_1_5' title="bbox 9 653 1096 743; baseline 0.015 -33"><span class='ocrx_word' id='word_1_35' title='bbox 9 653 114 714; x_wconf 87' lang='lat' dir='ltr'>trtionem</span> <span class='ocrx_word' id='word_1_36' title='bbox 132 653 203 716; x_wconf 87' lang='lat' dir='ltr'>bane</span> <span class='ocrx_word' id='word_1_37' title='bbox 214 655 293 734; x_wconf 85' lang='lat' dir='ltr'>qnasi</span> <span class='ocrx_word' id='word_1_38' title='bbox 308 656 422 740; x_wconf 74' lang='lat' dir='ltr'>magico</span> <span class='ocrx_word' id='word_1_39' title='bbox 439 657 604 720; x_wconf 79' lang='lat' dir='ltr'>exorcismo</span> <span class='ocrx_word' id='word_1_40' title='bbox 622 657 653 718; x_wconf 92' lang='lat' dir='ltr'>in</span> <span class='ocrx_word' id='word_1_41' title='bbox 686 659 812 720; x_wconf 89' lang='lat' dir='ltr'>reculam</span> <span class='ocrx_word' id='word_1_42' title='bbox 824 671 987 736; x_wconf 82' lang='lat' dir='ltr'>verterunt,</span> <span class='ocrx_word' id='word_1_43' title='bbox 1006 673 1096 743; x_wconf 86' lang='lat' dir='ltr'>atque</span> 
     </span>
     <span class='ocr_line' id='line_1_6' title="bbox 8 678 1096 822; baseline 0.015 -36"><span class='ocrx_word' id='word_1_44' title='bbox 8 747 31 786; x_wconf 87' lang='lat' dir='ltr'>eo</span> <span class='ocrx_word' id='word_1_45' title='bbox 47 731 162 811; x_wconf 75' lang='lat' dir='ltr'>prorupit</span> <span class='ocrx_word' id='word_1_46' title='bbox 179 732 310 805; x_wconf 81' lang='lat' dir='ltr'>vesania,</span> <span class='ocrx_word' id='word_1_47' title='bbox 329 745 362 792; x_wconf 90' lang='lat' dir='ltr'>ut</span> <span class='ocrx_word' id='word_1_48' title='bbox 382 733 643 796; x_wconf 72' lang='lat' dir='ltr'>concionatoribus</span> <span class='ocrx_word' id='word_1_49' title='bbox 664 678 706 796; x_wconf 78' lang='lat' dir='ltr'>las</span> <span class='ocrx_word' id='word_1_50' title='bbox 726 737 861 812; x_wconf 85' lang='lat' dir='ltr'>nonsit,</span> <span class='ocrx_word' id='word_1_51' title='bbox 882 736 903 797; x_wconf 89' lang='lat' dir='ltr'>S</span> <span class='ocrx_word' id='word_1_52' title='bbox 927 738 1009 800; x_wconf 87' lang='lat' dir='ltr'>iritue</span> <span class='ocrx_word' id='word_1_53' title='bbox 1028 759 1096 822; x_wconf 78' lang='lat' dir='ltr'>gra·</span> 
     </span>
     <span class='ocr_line' id='line_1_7' title="bbox 8 757 1095 944; baseline 0.013 -82"><span class='ocrx_word' id='word_1_54' title='bbox 8 805 52 862; x_wconf 86' lang='lat' dir='ltr'>tiam</span> <span class='ocrx_word' id='word_1_55' title='bbox 69 827 114 886; x_wconf 94' lang='lat' dir='ltr'>pro</span> <span class='ocrx_word' id='word_1_56' title='bbox 133 819 269 944; x_wconf 60' lang='lat' dir='ltr'>sugqestu</span> <span class='ocrx_word' id='word_1_57' title='bbox 289 820 402 889; x_wconf 89' lang='lat' dir='ltr'>petere,</span> <span class='ocrx_word' id='word_1_58' title='bbox 422 809 477 900; x_wconf 75' lang='lat' dir='ltr'>nisi</span> <span class='ocrx_word' id='word_1_59' title='bbox 518 829 552 902; x_wconf 76' lang='lat' dir='ltr'>er</span> <span class='ocrx_word' id='word_1_60' title='bbox 569 832 653 871; x_wconf 84' lang='lat' dir='ltr'>snum</span> <span class='ocrx_word' id='word_1_61' title='bbox 671 810 738 871; x_wconf 77' lang='lat' dir='ltr'>Are</span> <span class='ocrx_word' id='word_1_62' title='bbox 758 811 859 872; x_wconf 83' lang='lat' dir='ltr'>Maria.</span> <span class='ocrx_word' id='word_1_63' title='bbox 896 757 1095 905; x_wconf 32' lang='lat' dir='ltr'>‘Ktqnl&#39;prae-</span> 
     </span>
     <span class='ocr_line' id='line_1_8' title="bbox 8 883 1094 1046; baseline 0.017 -32"><span class='ocrx_word' id='word_1_64' title='bbox 8 891 103 1018; x_wconf 58' lang='lat' dir='ltr'>lette</span> <span class='ocrx_word' id='word_1_65' title='bbox 119 883 472 1042; x_wconf 67' lang='lat' dir='ltr'>lii..‡‘i‚&#39;²,.iii²¹iil.⁰</span> <span class='ocrx_word' id='word_1_66' title='bbox 488 907 549 1023; x_wconf 71' lang='lat' dir='ltr'>..t</span> <span class='ocrx_word' id='word_1_67' title='bbox 569 885 1094 1046; x_wconf 59' lang='lat' dir='ltr'>illilitd‘iilioiliiliiiss</span> 
     </span>
     <span class='ocr_line' id='line_1_9' title="bbox 9 1033 672 1110; baseline 0.014 -20"><span class='ocrx_word' id='word_1_68' title='bbox 9 1033 64 1092; x_wconf 77' lang='lat' dir='ltr'>stulta</span> <span class='ocrx_word' id='word_1_69' title='bbox 80 1035 243 1110; x_wconf 79' lang='lat' dir='ltr'>aemulatio,</span> <span class='ocrx_word' id='word_1_70' title='bbox 285 1037 344 1098; x_wconf 92' lang='lat' dir='ltr'>uod</span> <span class='ocrx_word' id='word_1_71' title='bbox 365 1035 517 1098; x_wconf 80' lang='lat' dir='ltr'>absentem</span> <span class='ocrx_word' id='word_1_72' title='bbox 537 1036 672 1100; x_wconf 83' lang='lat' dir='ltr'>salutant.</span> 
     </span>
    </p>

    <p class='ocr_par' dir='ltr' id='par_1_3' title="bbox 8 1109 1094 1958">
     <span class='ocr_line' id='line_1_10' title="bbox 28 1109 1094 1196; baseline 0.007 -23"><span class='ocrx_word' id='word_1_73' title='bbox 28 1115 92 1196; x_wconf 54' lang='lat' dir='ltr'>Q.</span> <span class='ocrx_word' id='word_1_74' title='bbox 129 1111 221 1192; x_wconf 63' lang='lat' dir='ltr'>Qum</span> <span class='ocrx_word' id='word_1_75' title='bbox 239 1116 268 1172; x_wconf 88' lang='lat' dir='ltr'>ui</span> <span class='ocrx_word' id='word_1_76' title='bbox 297 1126 370 1186; x_wconf 85' lang='lat' dir='ltr'>sset,</span> <span class='ocrx_word' id='word_1_77' title='bbox 393 1109 508 1174; x_wconf 73' lang='lat' dir='ltr'>luubmo</span> <span class='ocrx_word' id='word_1_78' title='bbox 531 1127 581 1174; x_wconf 81' lang='lat' dir='ltr'>eet.</span> <span class='ocrx_word' id='word_1_79' title='bbox 619 1115 689 1176; x_wconf 90' lang='lat' dir='ltr'>Non</span> <span class='ocrx_word' id='word_1_80' title='bbox 715 1113 787 1178; x_wconf 84' lang='lat' dir='ltr'>dicit</span> <span class='ocrx_word' id='word_1_81' title='bbox 810 1115 922 1192; x_wconf 75' lang='lat' dir='ltr'>Lucas,</span> <span class='ocrx_word' id='word_1_82' title='bbox 945 1112 1094 1182; x_wconf 78' lang='lat' dir='ltr'>turbatam</span> 
     </span>
     <span class='ocr_line' id='line_1_11' title="bbox 8 1183 1094 1274; baseline 0.012 -29"><span class='ocrx_word' id='word_1_83' title='bbox 8 1183 65 1272; x_wconf 71' lang='lat' dir='ltr'>lutee</span> <span class='ocrx_word' id='word_1_84' title='bbox 80 1189 247 1268; x_wconf 72' lang='lat' dir='ltr'>aspectndn</span> <span class='ocrx_word' id='word_1_85' title='bbox 270 1188 319 1265; x_wconf 89' lang='lat' dir='ltr'>eli,</span> <span class='ocrx_word' id='word_1_86' title='bbox 338 1190 389 1250; x_wconf 87' lang='lat' dir='ltr'>sed</span> <span class='ocrx_word' id='word_1_87' title='bbox 408 1209 498 1270; x_wconf 86' lang='lat' dir='ltr'>super</span> <span class='ocrx_word' id='word_1_88' title='bbox 517 1189 580 1252; x_wconf 85' lang='lat' dir='ltr'>eine</span> <span class='ocrx_word' id='word_1_89' title='bbox 599 1209 746 1254; x_wconf 89' lang='lat' dir='ltr'>sermone.</span> <span class='ocrx_word' id='word_1_90' title='bbox 785 1189 849 1254; x_wconf 87' lang='lat' dir='ltr'>Cur</span> <span class='ocrx_word' id='word_1_91' title='bbox 868 1211 941 1274; x_wconf 77' lang='lat' dir='ltr'>ergo</span> <span class='ocrx_word' id='word_1_92' title='bbox 961 1213 990 1254; x_wconf 84' lang='lat' dir='ltr'>ae</span> <span class='ocrx_word' id='word_1_93' title='bbox 1013 1205 1094 1258; x_wconf 82' lang='lat' dir='ltr'>ectus</span> 
     </span>
     <span class='ocr_line' id='line_1_12' title="bbox 8 1265 1093 1350; baseline 0.015 -34"><span class='ocrx_word' id='word_1_94' title='bbox 8 1273 66 1320; x_wconf 85' lang='lat' dir='ltr'>enam</span> <span class='ocrx_word' id='word_1_95' title='bbox 82 1265 220 1326; x_wconf 79' lang='lat' dir='ltr'>meminit?</span> <span class='ocrx_word' id='word_1_96' title='bbox 290 1286 345 1326; x_wconf 88' lang='lat' dir='ltr'>ane</span> <span class='ocrx_word' id='word_1_97' title='bbox 365 1285 381 1324; x_wconf 89' lang='lat' dir='ltr'>e</span> <span class='ocrx_word' id='word_1_98' title='bbox 404 1287 422 1326; x_wconf 92' lang='lat' dir='ltr'>o</span> <span class='ocrx_word' id='word_1_99' title='bbox 443 1285 506 1326; x_wconf 85' lang='lat' dir='ltr'>esee</span> <span class='ocrx_word' id='word_1_100' title='bbox 525 1287 639 1326; x_wconf 86' lang='lat' dir='ltr'>caueam</span> <span class='ocrx_word' id='word_1_101' title='bbox 659 1267 857 1348; x_wconf 89' lang='lat' dir='ltr'>interpretor,</span> <span class='ocrx_word' id='word_1_102' title='bbox 881 1269 961 1348; x_wconf 91' lang='lat' dir='ltr'>quod</span> <span class='ocrx_word' id='word_1_103' title='bbox 981 1269 1093 1350; x_wconf 83' lang='lat' dir='ltr'>aiquid</span> 
     </span>
     <span class='ocr_line' id='line_1_13' title="bbox 8 1285 1094 1478; baseline 0.012 -85"><span class='ocrx_word' id='word_1_104' title='bbox 8 1335 103 1426; x_wconf 70' lang='lat' dir='ltr'>coelestis</span> <span class='ocrx_word' id='word_1_105' title='bbox 119 1340 229 1423; x_wconf 84' lang='lat' dir='ltr'>gloriae</span> <span class='ocrx_word' id='word_1_106' title='bbox 254 1342 285 1402; x_wconf 89' lang='lat' dir='ltr'>io</span> <span class='ocrx_word' id='word_1_107' title='bbox 305 1285 423 1424; x_wconf 70' lang='lat' dir='ltr'>Angelo</span> <span class='ocrx_word' id='word_1_108' title='bbox 448 1361 611 1478; x_wconf 52' lang='lat' dir='ltr'>aquescens</span> <span class='ocrx_word' id='word_1_109' title='bbox 630 1343 722 1403; x_wconf 81' lang='lat' dir='ltr'>Maria</span> <span class='ocrx_word' id='word_1_110' title='bbox 745 1343 875 1404; x_wconf 86' lang='lat' dir='ltr'>sobitum</span> <span class='ocrx_word' id='word_1_111' title='bbox 899 1363 1039 1424; x_wconf 87' lang='lat' dir='ltr'>pavorem</span> <span class='ocrx_word' id='word_1_112' title='bbox 1059 1365 1094 1408; x_wconf 83' lang='lat' dir='ltr'>ex</span> 
     </span>
     <span class='ocr_line' id='line_1_14' title="bbox 8 1411 1091 1500; baseline 0.016 -33"><span class='ocrx_word' id='word_1_113' title='bbox 8 1411 206 1478; x_wconf 76' lang='lat' dir='ltr'>[inreverentia</span> <span class='ocrx_word' id='word_1_114' title='bbox 235 1421 417 1498; x_wconf 86' lang='lat' dir='ltr'>conceperit.</span> <span class='ocrx_word' id='word_1_115' title='bbox 485 1414 589 1478; x_wconf 85' lang='lat' dir='ltr'>urbata</span> <span class='ocrx_word' id='word_1_116' title='bbox 609 1438 681 1500; x_wconf 82' lang='lat' dir='ltr'>ergo</span> <span class='ocrx_word' id='word_1_117' title='bbox 709 1419 778 1495; x_wconf 87' lang='lat' dir='ltr'>luit,</span> <span class='ocrx_word' id='word_1_118' title='bbox 804 1419 884 1499; x_wconf 86' lang='lat' dir='ltr'>quod</span> <span class='ocrx_word' id='word_1_119' title='bbox 907 1439 941 1482; x_wconf 88' lang='lat' dir='ltr'>ee</span> <span class='ocrx_word' id='word_1_120' title='bbox 965 1441 1028 1483; x_wconf 88' lang='lat' dir='ltr'>non</span> <span class='ocrx_word' id='word_1_121' title='bbox 1054 1422 1091 1484; x_wconf 83' lang='lat' dir='ltr'>ab</span> 
     </span>
     <span class='ocr_line' id='line_1_15' title="bbox 10 1487 1091 1576; baseline 0.019 -34"><span class='ocrx_word' id='word_1_122' title='bbox 10 1487 92 1549; x_wconf 82' lang='lat' dir='ltr'>lenire</span> <span class='ocrx_word' id='word_1_123' title='bbox 111 1493 223 1554; x_wconf 85' lang='lat' dir='ltr'>mortali</span> <span class='ocrx_word' id='word_1_124' title='bbox 249 1493 384 1569; x_wconf 78' lang='lat' dir='ltr'>salutari,</span> <span class='ocrx_word' id='word_1_125' title='bbox 409 1492 462 1555; x_wconf 81' lang='lat' dir='ltr'>sed</span> <span class='ocrx_word' id='word_1_126' title='bbox 488 1514 505 1553; x_wconf 84' lang='lat' dir='ltr'>a</span> <span class='ocrx_word' id='word_1_127' title='bbox 528 1493 588 1554; x_wconf 85' lang='lat' dir='ltr'>Dei</span> <span class='ocrx_word' id='word_1_128' title='bbox 614 1493 732 1576; x_wconf 79' lang='lat' dir='ltr'>Angelo</span> <span class='ocrx_word' id='word_1_129' title='bbox 760 1496 892 1556; x_wconf 69' lang='lat' dir='ltr'>scottice</span> <span class='ocrx_word' id='word_1_130' title='bbox 933 1497 1091 1563; x_wconf 79' lang='lat' dir='ltr'>Caeterum</span> 
     </span>
     <span class='ocr_line' id='line_1_16' title="bbox 12 1565 1092 1653; baseline 0.016 -34"><span class='ocrx_word' id='word_1_131' title='bbox 12 1565 248 1632; x_wconf 82' lang='lat' dir='ltr'>nouituturbatam</span> <span class='ocrx_word' id='word_1_132' title='bbox 272 1569 359 1630; x_wconf 81' lang='lat' dir='ltr'>[nisse</span> <span class='ocrx_word' id='word_1_133' title='bbox 380 1570 451 1630; x_wconf 90' lang='lat' dir='ltr'>dicit</span> <span class='ocrx_word' id='word_1_134' title='bbox 468 1569 563 1630; x_wconf 81' lang='lat' dir='ltr'>Lucas</span> <span class='ocrx_word' id='word_1_135' title='bbox 613 1582 647 1632; x_wconf 93' lang='lat' dir='ltr'>nt</span> <span class='ocrx_word' id='word_1_136' title='bbox 671 1570 871 1651; x_wconf 78' lang='lat' dir='ltr'>obstupuerit:</span> <span class='ocrx_word' id='word_1_137' title='bbox 898 1573 969 1653; x_wconf 91' lang='lat' dir='ltr'>quin</span> <span class='ocrx_word' id='word_1_138' title='bbox 993 1573 1092 1653; x_wconf 84' lang='lat' dir='ltr'>potius</span> 
     </span>
     <span class='ocr_line' id='line_1_17' title="bbox 14 1611 1092 1738; baseline 0.013 -39"><span class='ocrx_word' id='word_1_139' title='bbox 14 1641 106 1716; x_wconf 74' lang='lat' dir='ltr'>uomit</span> <span class='ocrx_word' id='word_1_140' title='bbox 118 1643 228 1738; x_wconf 71' lang='lat' dir='ltr'>signum</span> <span class='ocrx_word' id='word_1_141' title='bbox 250 1658 377 1706; x_wconf 89' lang='lat' dir='ltr'>attentae</span> <span class='ocrx_word' id='word_1_142' title='bbox 396 1645 503 1708; x_wconf 82' lang='lat' dir='ltr'>mentis</span> <span class='ocrx_word' id='word_1_143' title='bbox 523 1657 554 1706; x_wconf 89' lang='lat' dir='ltr'>et</span> <span class='ocrx_word' id='word_1_144' title='bbox 569 1611 651 1708; x_wconf 86' lang='lat' dir='ltr'>bene</span> <span class='ocrx_word' id='word_1_145' title='bbox 671 1648 868 1727; x_wconf 88' lang='lat' dir='ltr'>compositae,</span> <span class='ocrx_word' id='word_1_146' title='bbox 893 1669 983 1730; x_wconf 85' lang='lat' dir='ltr'>quum</span> <span class='ocrx_word' id='word_1_147' title='bbox 1004 1646 1092 1730; x_wconf 89' lang='lat' dir='ltr'>paulu</span> 
     </span>
     <span class='ocr_line' id='line_1_18' title="bbox 11 1719 1092 1816; baseline 0.011 -42"><span class='ocrx_word' id='word_1_148' title='bbox 11 1728 58 1792; x_wconf 85' lang='lat' dir='ltr'>post</span> <span class='ocrx_word' id='word_1_149' title='bbox 70 1719 173 1799; x_wconf 76' lang='lat' dir='ltr'>subiicit,</span> <span class='ocrx_word' id='word_1_150' title='bbox 193 1723 340 1806; x_wconf 79' lang='lat' dir='ltr'>cogitasse</span> <span class='ocrx_word' id='word_1_151' title='bbox 358 1723 451 1814; x_wconf 81' lang='lat' dir='ltr'>ipsam</span> <span class='ocrx_word' id='word_1_152' title='bbox 492 1719 563 1784; x_wconf 80' lang='lat' dir='ltr'>uelis</span> <span class='ocrx_word' id='word_1_153' title='bbox 583 1735 660 1814; x_wconf 73' lang='lat' dir='ltr'>estet</span> <span class='ocrx_word' id='word_1_154' title='bbox 678 1721 832 1814; x_wconf 71' lang='lat' dir='ltr'>eqlqtetio:</span> <span class='ocrx_word' id='word_1_155' title='bbox 853 1724 910 1786; x_wconf 90' lang='lat' dir='ltr'>boc</span> <span class='ocrx_word' id='word_1_156' title='bbox 924 1736 980 1801; x_wconf 80' lang='lat' dir='ltr'>eal,</span> <span class='ocrx_word' id='word_1_157' title='bbox 1020 1747 1092 1816; x_wconf 74' lang='lat' dir='ltr'>nor-</span> 
     </span>
     <span class='ocr_line' id='line_1_19' title="bbox 8 1743 1094 1886; baseline 0.015 -39"><span class='ocrx_word' id='word_1_158' title='bbox 8 1813 50 1849; x_wconf 82' lang='grc' dir='ltr'>ιιιι</span> <span class='ocrx_word' id='word_1_159' title='bbox 65 1797 188 1886; x_wconf 76' lang='lat' dir='ltr'>tepderet,</span> <span class='ocrx_word' id='word_1_160' title='bbox 209 1800 280 1880; x_wconf 91' lang='lat' dir='ltr'>quid</span> <span class='ocrx_word' id='word_1_161' title='bbox 304 1817 340 1860; x_wconf 91' lang='lat' dir='ltr'>ue</span> <span class='ocrx_word' id='word_1_162' title='bbox 360 1799 416 1860; x_wconf 82' lang='lat' dir='ltr'>subi</span> <span class='ocrx_word' id='word_1_163' title='bbox 434 1743 532 1860; x_wconf 79' lang='lat' dir='ltr'>vellet.</span> <span class='ocrx_word' id='word_1_164' title='bbox 571 1797 676 1860; x_wconf 82' lang='lat' dir='ltr'>statuo</span> <span class='ocrx_word' id='word_1_165' title='bbox 695 1797 738 1860; x_wconf 86' lang='lat' dir='ltr'>ulle</span> <span class='ocrx_word' id='word_1_166' title='bbox 757 1800 902 1876; x_wconf 83' lang='lat' dir='ltr'>occurrit,</span> <span class='ocrx_word' id='word_1_167' title='bbox 921 1822 983 1864; x_wconf 89' lang='lat' dir='ltr'>non</span> <span class='ocrx_word' id='word_1_168' title='bbox 1018 1820 1094 1864; x_wconf 80' lang='lat' dir='ltr'>neue</span> 
     </span>
     <span class='ocr_line' id='line_1_20' title="bbox 8 1819 1094 1958; baseline 0.014 -35"><span class='ocrx_word' id='word_1_169' title='bbox 8 1867 32 1924; x_wconf 88' lang='lat' dir='ltr'>de</span> <span class='ocrx_word' id='word_1_170' title='bbox 49 1869 120 1932; x_wconf 83' lang='lat' dir='ltr'>urbulo</span> <span class='ocrx_word' id='word_1_171' title='bbox 141 1877 260 1937; x_wconf 75' lang='lat' dir='ltr'>misen·</span> <span class='ocrx_word' id='word_1_172' title='bbox 280 1819 438 1957; x_wconf 69' lang='lat' dir='ltr'>bogelum.</span> <span class='ocrx_word' id='word_1_173' title='bbox 480 1876 641 1936; x_wconf 88' lang='lat' dir='ltr'>ldooemur</span> <span class='ocrx_word' id='word_1_174' title='bbox 664 1887 762 1936; x_wconf 86' lang='lat' dir='ltr'>autem</span> <span class='ocrx_word' id='word_1_175' title='bbox 783 1873 840 1937; x_wconf 89' lang='lat' dir='ltr'>boc</span> <span class='ocrx_word' id='word_1_176' title='bbox 857 1875 1008 1958; x_wconf 81' lang='lat' dir='ltr'>exemplo,</span> <span class='ocrx_word' id='word_1_177' title='bbox 1032 1877 1094 1958; x_wconf 92' lang='lat' dir='ltr'>pri·</span> 
     </span>
    </p>
   </div>
   <div class='ocr_carea' id='block_1_3' title="bbox 7 1949 1094 2392">
    <p class='ocr_par' dir='ltr' id='par_1_4' title="bbox 8 1949 1093 2110">
     <span class='ocr_line' id='line_1_21' title="bbox 8 1949 1093 2031; baseline 0.011 -27"><span class='ocrx_word' id='word_1_178' title='bbox 8 1965 59 2004; x_wconf 89' lang='lat' dir='ltr'>num</span> <span class='ocrx_word' id='word_1_179' title='bbox 78 1968 129 2008; x_wconf 90' lang='lat' dir='ltr'>non</span> <span class='ocrx_word' id='word_1_180' title='bbox 151 1971 214 2012; x_wconf 81' lang='lat' dir='ltr'>esee</span> <span class='ocrx_word' id='word_1_181' title='bbox 241 1953 402 2013; x_wconf 75' lang='lat' dir='ltr'>oscitanter</span> <span class='ocrx_word' id='word_1_182' title='bbox 426 1949 638 2014; x_wconf 85' lang='lat' dir='ltr'>consideranda</span> <span class='ocrx_word' id='word_1_183' title='bbox 663 1949 721 2012; x_wconf 89' lang='lat' dir='ltr'>Dei</span> <span class='ocrx_word' id='word_1_184' title='bbox 745 1970 851 2031; x_wconf 82' lang='lat' dir='ltr'>opera:</span> <span class='ocrx_word' id='word_1_185' title='bbox 878 1951 985 2016; x_wconf 90' lang='lat' dir='ltr'>deinde</span> <span class='ocrx_word' id='word_1_186' title='bbox 1008 1955 1050 2016; x_wconf 86' lang='lat' dir='ltr'>ita</span> <span class='ocrx_word' id='word_1_187' title='bbox 1075 1976 1093 2016; x_wconf 88' lang='lat' dir='ltr'>a</span> 
     </span>
     <span class='ocr_line' id='line_1_22' title="bbox 8 2019 826 2110; baseline 0.013 -33"><span class='ocrx_word' id='word_1_188' title='bbox 8 2019 65 2080; x_wconf 78' lang='lat' dir='ltr'>nobie</span> <span class='ocrx_word' id='word_1_189' title='bbox 80 2029 193 2106; x_wconf 77' lang='lat' dir='ltr'>expendi</span> <span class='ocrx_word' id='word_1_190' title='bbox 211 2027 329 2102; x_wconf 89' lang='lat' dir='ltr'>decere,</span> <span class='ocrx_word' id='word_1_191' title='bbox 348 2039 382 2088; x_wconf 89' lang='lat' dir='ltr'>ut</span> <span class='ocrx_word' id='word_1_192' title='bbox 400 2026 506 2110; x_wconf 79' lang='lat' dir='ltr'>religio</span> <span class='ocrx_word' id='word_1_193' title='bbox 526 2039 679 2108; x_wconf 88' lang='lat' dir='ltr'>metusque</span> <span class='ocrx_word' id='word_1_194' title='bbox 698 2040 826 2110; x_wconf 89' lang='lat' dir='ltr'>praeeat.</span> 
     </span>
    </p>

    <p class='ocr_par' dir='ltr' id='par_1_5' title="bbox 7 2102 1094 2392">
     <span class='ocr_line' id='line_1_23' title="bbox 56 2102 1094 2198; baseline 0.003 -35"><span class='ocrx_word' id='word_1_195' title='bbox 56 2103 93 2163; x_wconf 75' lang='lat' dir='ltr'>dd</span> <span class='ocrx_word' id='word_1_196' title='bbox 126 2103 174 2164; x_wconf 86' lang='lat' dir='ltr'>Ne</span> <span class='ocrx_word' id='word_1_197' title='bbox 194 2107 309 2181; x_wconf 57' lang='lat' dir='ltr'>timeum</span> <span class='ocrx_word' id='word_1_198' title='bbox 330 2103 446 2164; x_wconf 71' lang='lat' dir='ltr'>Mennis.</span> <span class='ocrx_word' id='word_1_199' title='bbox 485 2102 579 2180; x_wconf 89' lang='lat' dir='ltr'>Quod</span> <span class='ocrx_word' id='word_1_200' title='bbox 605 2104 743 2166; x_wconf 86' lang='lat' dir='ltr'>timorem</span> <span class='ocrx_word' id='word_1_201' title='bbox 776 2123 890 2185; x_wconf 86' lang='lat' dir='ltr'>ponere</span> <span class='ocrx_word' id='word_1_202' title='bbox 910 2123 973 2166; x_wconf 91' lang='lat' dir='ltr'>eam</span> <span class='ocrx_word' id='word_1_203' title='bbox 999 2105 1094 2198; x_wconf 66' lang='lat' dir='ltr'>iubet,</span> 
     </span>
     <span class='ocr_line' id='line_1_24' title="bbox 7 2179 1092 2260; baseline 0.009 -28"><span class='ocrx_word' id='word_1_204' title='bbox 7 2191 88 2252; x_wconf 81' lang='lat' dir='ltr'>semper</span> <span class='ocrx_word' id='word_1_205' title='bbox 103 2185 196 2240; x_wconf 81' lang='lat' dir='ltr'>ueniat</span> <span class='ocrx_word' id='word_1_206' title='bbox 214 2181 301 2242; x_wconf 87' lang='lat' dir='ltr'>nobis</span> <span class='ocrx_word' id='word_1_207' title='bbox 321 2181 351 2241; x_wconf 86' lang='lat' dir='ltr'>ln</span> <span class='ocrx_word' id='word_1_208' title='bbox 372 2192 513 2256; x_wconf 84' lang='lat' dir='ltr'>mentem,</span> <span class='ocrx_word' id='word_1_209' title='bbox 534 2199 608 2260; x_wconf 83' lang='lat' dir='ltr'>qnae</span> <span class='ocrx_word' id='word_1_210' title='bbox 628 2179 814 2242; x_wconf 79' lang='lat' dir='ltr'>imbecillitas</span> <span class='ocrx_word' id='word_1_211' title='bbox 834 2192 879 2241; x_wconf 87' lang='lat' dir='ltr'>est</span> <span class='ocrx_word' id='word_1_212' title='bbox 899 2180 991 2244; x_wconf 85' lang='lat' dir='ltr'>carnis</span> <span class='ocrx_word' id='word_1_213' title='bbox 1028 2183 1092 2244; x_wconf 84' lang='lat' dir='ltr'>beru</span> 
     </span>
     <span class='ocr_line' id='line_1_25' title="bbox 7 2226 1094 2392; baseline 0.015 -88"><span class='ocrx_word' id='word_1_214' title='bbox 7 2269 46 2306; x_wconf 91' lang='grc' dir='ltr'>ιιι</span> <span class='ocrx_word' id='word_1_215' title='bbox 61 2257 219 2392; x_wconf 51' lang='lat' dir='ltr'>pouerpuia</span> <span class='ocrx_word' id='word_1_216' title='bbox 238 2268 413 2331; x_wconf 86' lang='lat' dir='ltr'>terreamur,</span> <span class='ocrx_word' id='word_1_217' title='bbox 431 2257 547 2337; x_wconf 84' lang='lat' dir='ltr'>quoties</span> <span class='ocrx_word' id='word_1_218' title='bbox 556 2253 603 2316; x_wconf 85' lang='lat' dir='ltr'>uel</span> <span class='ocrx_word' id='word_1_219' title='bbox 621 2256 739 2317; x_wconf 84' lang='lat' dir='ltr'>minima</span> <span class='ocrx_word' id='word_1_220' title='bbox 757 2255 872 2338; x_wconf 78' lang='lat' dir='ltr'>gloriae</span> <span class='ocrx_word' id='word_1_221' title='bbox 891 2257 949 2318; x_wconf 85' lang='lat' dir='ltr'>Dei</span> <span class='ocrx_word' id='word_1_222' title='bbox 968 2226 1094 2320; x_wconf 75' lang='lat' dir='ltr'>scintilla</span> 
     </span>
    </p>
   </div>
   <div class='ocr_carea' id='block_1_4' title="bbox 7 2331 1096 4324">
    <p class='ocr_par' dir='ltr' id='par_1_6' title="bbox 7 2331 1094 3099">
     <span class='ocr_line' id='line_1_26' title="bbox 8 2331 1091 2424; baseline 0.011 -41"><span class='ocrx_word' id='word_1_223' title='bbox 8 2341 99 2405; x_wconf 84' lang='lat' dir='ltr'>apparet.</span> <span class='ocrx_word' id='word_1_224' title='bbox 162 2353 236 2424; x_wconf 89' lang='lat' dir='ltr'>eque</span> <span class='ocrx_word' id='word_1_225' title='bbox 247 2333 339 2408; x_wconf 88' lang='lat' dir='ltr'>enim,</span> <span class='ocrx_word' id='word_1_226' title='bbox 357 2333 410 2394; x_wconf 91' lang='lat' dir='ltr'>ubi</span> <span class='ocrx_word' id='word_1_227' title='bbox 429 2333 575 2395; x_wconf 89' lang='lat' dir='ltr'>serioDei</span> <span class='ocrx_word' id='word_1_228' title='bbox 594 2331 787 2412; x_wconf 86' lang='lat' dir='ltr'>praesentiam</span> <span class='ocrx_word' id='word_1_229' title='bbox 800 2333 992 2412; x_wconf 74' lang='lat' dir='ltr'>concipimus,</span> <span class='ocrx_word' id='word_1_230' title='bbox 1012 2335 1091 2395; x_wconf 92' lang='lat' dir='ltr'>otio-</span> 
     </span>
     <span class='ocr_line' id='line_1_27' title="bbox 9 2405 1094 2492; baseline 0.011 -34"><span class='ocrx_word' id='word_1_231' title='bbox 9 2405 195 2486; x_wconf 77' lang='lat' dir='ltr'>subimaginans</span> <span class='ocrx_word' id='word_1_232' title='bbox 214 2409 292 2469; x_wconf 86' lang='lat' dir='ltr'>licet</span> <span class='ocrx_word' id='word_1_233' title='bbox 331 2407 412 2492; x_wconf 83' lang='lat' dir='ltr'>Ergo</span> <span class='ocrx_word' id='word_1_234' title='bbox 433 2431 523 2490; x_wconf 87' lang='lat' dir='ltr'>quom</span> <span class='ocrx_word' id='word_1_235' title='bbox 543 2407 667 2471; x_wconf 81' lang='lat' dir='ltr'>obnoxii</span> <span class='ocrx_word' id='word_1_236' title='bbox 685 2409 744 2468; x_wconf 87' lang='lat' dir='ltr'>sint</span> <span class='ocrx_word' id='word_1_237' title='bbox 765 2427 867 2468; x_wconf 88' lang='lat' dir='ltr'>omnes</span> <span class='ocrx_word' id='word_1_238' title='bbox 888 2407 950 2470; x_wconf 80' lang='lat' dir='ltr'>eius</span> <span class='ocrx_word' id='word_1_239' title='bbox 970 2409 1094 2484; x_wconf 89' lang='lat' dir='ltr'>indicio,</span> 
     </span>
     <span class='ocr_line' id='line_1_28' title="bbox 9 2483 1093 2566; baseline 0.011 -32"><span class='ocrx_word' id='word_1_240' title='bbox 9 2495 29 2534; x_wconf 83' lang='lat' dir='ltr'>rr</span> <span class='ocrx_word' id='word_1_241' title='bbox 46 2493 108 2540; x_wconf 88' lang='lat' dir='ltr'>neto</span> <span class='ocrx_word' id='word_1_242' title='bbox 129 2487 283 2566; x_wconf 87' lang='lat' dir='ltr'>trepidatio</span> <span class='ocrx_word' id='word_1_243' title='bbox 308 2486 419 2561; x_wconf 88' lang='lat' dir='ltr'>oritur,</span> <span class='ocrx_word' id='word_1_244' title='bbox 451 2485 546 2546; x_wconf 91' lang='lat' dir='ltr'>donec</span> <span class='ocrx_word' id='word_1_245' title='bbox 577 2505 608 2547; x_wconf 90' lang='lat' dir='ltr'>ee</span> <span class='ocrx_word' id='word_1_246' title='bbox 640 2495 752 2565; x_wconf 86' lang='lat' dir='ltr'>patrem</span> <span class='ocrx_word' id='word_1_247' title='bbox 779 2483 923 2548; x_wconf 84' lang='lat' dir='ltr'>exhibeat.</span> <span class='ocrx_word' id='word_1_248' title='bbox 966 2485 1093 2546; x_wconf 82' lang='lat' dir='ltr'>Tantam</span> 
     </span>
     <span class='ocr_line' id='line_1_29' title="bbox 9 2553 1093 2644; baseline 0.006 -30"><span class='ocrx_word' id='word_1_249' title='bbox 9 2568 73 2640; x_wconf 67' lang='lat' dir='ltr'>uncta</span> <span class='ocrx_word' id='word_1_250' title='bbox 92 2561 168 2642; x_wconf 79' lang='lat' dir='ltr'>uirgo</span> <span class='ocrx_word' id='word_1_251' title='bbox 195 2562 225 2622; x_wconf 91' lang='lat' dir='ltr'>in</span> <span class='ocrx_word' id='word_1_252' title='bbox 248 2574 338 2644; x_wconf 83' lang='lat' dir='ltr'>gente</span> <span class='ocrx_word' id='word_1_253' title='bbox 368 2582 420 2622; x_wconf 88' lang='lat' dir='ltr'>ena</span> <span class='ocrx_word' id='word_1_254' title='bbox 445 2560 586 2622; x_wconf 88' lang='lat' dir='ltr'>cernebat</span> <span class='ocrx_word' id='word_1_255' title='bbox 604 2557 747 2622; x_wconf 86' lang='lat' dir='ltr'>scelerum</span> <span class='ocrx_word' id='word_1_256' title='bbox 769 2554 942 2635; x_wconf 83' lang='lat' dir='ltr'>colluviem,</span> <span class='ocrx_word' id='word_1_257' title='bbox 971 2572 1004 2620; x_wconf 92' lang='lat' dir='ltr'>ut</span> <span class='ocrx_word' id='word_1_258' title='bbox 1028 2553 1093 2622; x_wconf 72' lang='lat' dir='ltr'>iude</span> 
     </span>
     <span class='ocr_line' id='line_1_30' title="bbox 8 2635 1093 2719; baseline 0.013 -35"><span class='ocrx_word' id='word_1_259' title='bbox 8 2639 89 2694; x_wconf 85' lang='lat' dir='ltr'>tmeret</span> <span class='ocrx_word' id='word_1_260' title='bbox 104 2657 118 2695; x_wconf 93' lang='lat' dir='ltr'>a</span> <span class='ocrx_word' id='word_1_261' title='bbox 136 2637 292 2699; x_wconf 87' lang='lat' dir='ltr'>maioribus</span> <span class='ocrx_word' id='word_1_262' title='bbox 313 2636 455 2700; x_wconf 80' lang='lat' dir='ltr'>vindictis.</span> <span class='ocrx_word' id='word_1_263' title='bbox 496 2637 598 2712; x_wconf 86' lang='lat' dir='ltr'>Quare</span> <span class='ocrx_word' id='word_1_264' title='bbox 617 2649 652 2697; x_wconf 91' lang='lat' dir='ltr'>nt</span> <span class='ocrx_word' id='word_1_265' title='bbox 669 2637 805 2696; x_wconf 90' lang='lat' dir='ltr'>timorem</span> <span class='ocrx_word' id='word_1_266' title='bbox 827 2637 931 2697; x_wconf 84' lang='lat' dir='ltr'>eximat</span> <span class='ocrx_word' id='word_1_267' title='bbox 949 2635 1093 2719; x_wconf 78' lang='lat' dir='ltr'>Angelus,</span> 
     </span>
     <span class='ocr_line' id='line_1_31' title="bbox 9 2711 1092 2796; baseline 0.011 -34"><span class='ocrx_word' id='word_1_268' title='bbox 9 2715 80 2767; x_wconf 77' lang='lat' dir='ltr'>tutem</span> <span class='ocrx_word' id='word_1_269' title='bbox 99 2730 128 2772; x_wconf 86' lang='lat' dir='ltr'>ee</span> <span class='ocrx_word' id='word_1_270' title='bbox 150 2734 184 2774; x_wconf 89' lang='lat' dir='ltr'>ac</span> <span class='ocrx_word' id='word_1_271' title='bbox 207 2735 384 2796; x_wconf 88' lang='lat' dir='ltr'>praeconem</span> <span class='ocrx_word' id='word_1_272' title='bbox 413 2712 651 2793; x_wconf 85' lang='lat' dir='ltr'>incomparabilis</span> <span class='ocrx_word' id='word_1_273' title='bbox 681 2711 754 2774; x_wconf 90' lang='lat' dir='ltr'>boni</span> <span class='ocrx_word' id='word_1_274' title='bbox 785 2711 885 2774; x_wconf 85' lang='lat' dir='ltr'>adesse</span> <span class='ocrx_word' id='word_1_275' title='bbox 911 2714 1092 2792; x_wconf 91' lang='lat' dir='ltr'>pronuntiat.</span> 
     </span>
     <span class='ocr_line' id='line_1_32' title="bbox 9 2779 1092 2882; baseline 0.005 -37"><span class='ocrx_word' id='word_1_276' title='bbox 9 2779 240 2864; x_wconf 60' lang='lat' dir='ltr'>hminum</span> <span class='ocrx_word' id='word_1_277' title='bbox 261 2790 396 2852; x_wconf 84' lang='lat' dir='ltr'>hebraica</span> <span class='ocrx_word' id='word_1_278' title='bbox 417 2791 514 2872; x_wconf 87' lang='lat' dir='ltr'>pbrasi</span> <span class='ocrx_word' id='word_1_279' title='bbox 534 2789 634 2882; x_wconf 83' lang='lat' dir='ltr'>poenit</span> <span class='ocrx_word' id='word_1_280' title='bbox 652 2788 761 2862; x_wconf 83' lang='lat' dir='ltr'>Lucas,</span> <span class='ocrx_word' id='word_1_281' title='bbox 788 2809 844 2870; x_wconf 87' lang='lat' dir='ltr'>pro</span> <span class='ocrx_word' id='word_1_282' title='bbox 866 2789 974 2850; x_wconf 84' lang='lat' dir='ltr'>babere</span> <span class='ocrx_word' id='word_1_283' title='bbox 995 2789 1092 2850; x_wconf 89' lang='lat' dir='ltr'>Deum</span> 
     </span>
     <span class='ocr_line' id='line_1_33' title="bbox 7 2862 1092 3023; baseline 0.011 -35"><span class='ocrx_word' id='word_1_284' title='bbox 7 2862 141 3009; x_wconf 68' lang='lat' dir='ltr'>istm</span> <span class='ocrx_word' id='word_1_285' title='bbox 165 2869 519 3005; x_wconf 55' lang='lat' dir='ltr'>telesinum</span> <span class='ocrx_word' id='word_1_286' title='bbox 537 2863 819 3023; x_wconf 48' lang='lat' dir='ltr'>esttenete</span> <span class='ocrx_word' id='word_1_287' title='bbox 840 2862 1092 3019; x_wconf 65' lang='lat' dir='ltr'>utemur</span> 
     </span>
     <span class='ocr_line' id='line_1_34' title="bbox 8 3009 446 3099; baseline 0.032 -34"><span class='ocrx_word' id='word_1_288' title='bbox 8 3009 116 3074; x_wconf 84' lang='lat' dir='ltr'>adducere</span> <span class='ocrx_word' id='word_1_289' title='bbox 131 3039 340 3099; x_wconf 84' lang='lat' dir='ltr'>supervacuum</span> <span class='ocrx_word' id='word_1_290' title='bbox 359 3019 446 3082; x_wconf 81' lang='lat' dir='ltr'>soret.</span> 
     </span>
    </p>

    <p class='ocr_par' dir='ltr' id='par_1_7' title="bbox 8 3091 1096 4324">
     <span class='ocr_line' id='line_1_35' title="bbox 31 3091 1093 3176; baseline 0 -23"><span class='ocrx_word' id='word_1_291' title='bbox 31 3094 95 3174; x_wconf 45' lang='lat' dir='ltr'>‚dl</span> <span class='ocrx_word' id='word_1_292' title='bbox 128 3091 360 3172; x_wconf 77' lang='lat' dir='ltr'>Enceconcipies</span> <span class='ocrx_word' id='word_1_293' title='bbox 378 3099 410 3155; x_wconf 77' lang='lat' dir='ltr'>ire</span> <span class='ocrx_word' id='word_1_294' title='bbox 427 3109 519 3156; x_wconf 79' lang='lat' dir='ltr'>utero.</span> <span class='ocrx_word' id='word_1_295' title='bbox 560 3093 659 3156; x_wconf 81' lang='lat' dir='ltr'>Verba</span> <span class='ocrx_word' id='word_1_296' title='bbox 691 3114 747 3156; x_wconf 86' lang='lat' dir='ltr'>sua</span> <span class='ocrx_word' id='word_1_297' title='bbox 765 3092 934 3156; x_wconf 73' lang='lat' dir='ltr'>conformat</span> <span class='ocrx_word' id='word_1_298' title='bbox 960 3093 1093 3176; x_wconf 69' lang='lat' dir='ltr'>Angelus</span> 
     </span>
     <span class='ocr_line' id='line_1_36' title="bbox 9 3168 1093 3249; baseline -0.005 -15"><span class='ocrx_word' id='word_1_299' title='bbox 9 3179 72 3234; x_wconf 59' lang='lat' dir='ltr'>liuto</span> <span class='ocrx_word' id='word_1_300' title='bbox 93 3168 125 3228; x_wconf 87' lang='lat' dir='ltr'>ad</span> <span class='ocrx_word' id='word_1_301' title='bbox 147 3173 311 3234; x_wconf 80' lang='lat' dir='ltr'>vaticinium</span> <span class='ocrx_word' id='word_1_302' title='bbox 332 3171 455 3246; x_wconf 82' lang='lat' dir='ltr'>lesaiae,</span> <span class='ocrx_word' id='word_1_303' title='bbox 480 3171 588 3232; x_wconf 86' lang='lat' dir='ltr'>deinde</span> <span class='ocrx_word' id='word_1_304' title='bbox 613 3171 648 3231; x_wconf 87' lang='lat' dir='ltr'>ad</span> <span class='ocrx_word' id='word_1_305' title='bbox 668 3169 742 3230; x_wconf 83' lang='lat' dir='ltr'>alios</span> <span class='ocrx_word' id='word_1_306' title='bbox 760 3169 977 3249; x_wconf 83' lang='lat' dir='ltr'>Prophetarum</span> <span class='ocrx_word' id='word_1_307' title='bbox 998 3171 1093 3246; x_wconf 87' lang='lat' dir='ltr'>locos,</span> 
     </span>
     <span class='ocr_line' id='line_1_37' title="bbox 8 3243 1094 3330; baseline 0.003 -29"><span class='ocrx_word' id='word_1_308' title='bbox 8 3255 46 3311; x_wconf 77' lang='lat' dir='ltr'>quo</span> <span class='ocrx_word' id='word_1_309' title='bbox 61 3244 149 3307; x_wconf 86' lang='lat' dir='ltr'>melior</span> <span class='ocrx_word' id='word_1_310' title='bbox 167 3249 345 3310; x_wconf 83' lang='lat' dir='ltr'>inanimum</span> <span class='ocrx_word' id='word_1_311' title='bbox 365 3249 484 3330; x_wconf 85' lang='lat' dir='ltr'>virginis</span> <span class='ocrx_word' id='word_1_312' title='bbox 504 3257 676 3329; x_wconf 84' lang='lat' dir='ltr'>penetrent:</span> <span class='ocrx_word' id='word_1_313' title='bbox 702 3257 791 3306; x_wconf 91' lang='lat' dir='ltr'>notae</span> <span class='ocrx_word' id='word_1_314' title='bbox 812 3244 891 3305; x_wconf 88' lang='lat' dir='ltr'>enim</span> <span class='ocrx_word' id='word_1_315' title='bbox 912 3255 942 3304; x_wconf 90' lang='lat' dir='ltr'>et</span> <span class='ocrx_word' id='word_1_316' title='bbox 962 3243 1094 3306; x_wconf 85' lang='lat' dir='ltr'>celebres</span> 
     </span>
     <span class='ocr_line' id='line_1_38' title="bbox 9 3315 1091 3406; baseline -0.004 -22"><span class='ocrx_word' id='word_1_317' title='bbox 9 3315 82 3384; x_wconf 52' lang='lat' dir='ltr'>lmine</span> <span class='ocrx_word' id='word_1_318' title='bbox 98 3322 168 3383; x_wconf 88' lang='lat' dir='ltr'>inter</span> <span class='ocrx_word' id='word_1_319' title='bbox 184 3327 249 3406; x_wconf 86' lang='lat' dir='ltr'>pios</span> <span class='ocrx_word' id='word_1_320' title='bbox 263 3337 347 3386; x_wconf 87' lang='lat' dir='ltr'>erant</span> <span class='ocrx_word' id='word_1_321' title='bbox 366 3323 437 3386; x_wconf 78' lang='lat' dir='ltr'>tales</span> <span class='ocrx_word' id='word_1_322' title='bbox 458 3324 641 3405; x_wconf 89' lang='lat' dir='ltr'>prophetiae.</span> <span class='ocrx_word' id='word_1_323' title='bbox 682 3320 859 3401; x_wconf 87' lang='lat' dir='ltr'>Quanquam</span> <span class='ocrx_word' id='word_1_324' title='bbox 879 3318 965 3382; x_wconf 85' lang='lat' dir='ltr'>simul</span> <span class='ocrx_word' id='word_1_325' title='bbox 986 3331 1091 3382; x_wconf 87' lang='lat' dir='ltr'>notan-</span> 
     </span>
     <span class='ocr_line' id='line_1_39' title="bbox 9 3385 1094 3480; baseline 0 -24"><span class='ocrx_word' id='word_1_326' title='bbox 9 3385 52 3447; x_wconf 73' lang='lat' dir='ltr'>ltu</span> <span class='ocrx_word' id='word_1_327' title='bbox 70 3408 123 3472; x_wconf 83' lang='lat' dir='ltr'>est,</span> <span class='ocrx_word' id='word_1_328' title='bbox 140 3422 197 3462; x_wconf 94' lang='lat' dir='ltr'>noo</span> <span class='ocrx_word' id='word_1_329' title='bbox 217 3401 352 3479; x_wconf 85' lang='lat' dir='ltr'>privatim</span> <span class='ocrx_word' id='word_1_330' title='bbox 373 3399 510 3465; x_wconf 83' lang='lat' dir='ltr'>duntaxat</span> <span class='ocrx_word' id='word_1_331' title='bbox 534 3399 683 3466; x_wconf 86' lang='lat' dir='ltr'>inaurem</span> <span class='ocrx_word' id='word_1_332' title='bbox 704 3397 826 3480; x_wconf 81' lang='lat' dir='ltr'>virginis</span> <span class='ocrx_word' id='word_1_333' title='bbox 851 3396 1005 3477; x_wconf 91' lang='lat' dir='ltr'>loquutum</span> <span class='ocrx_word' id='word_1_334' title='bbox 1031 3416 1094 3458; x_wconf 82' lang='lat' dir='ltr'>esse</span> 
     </span>
     <span class='ocr_line' id='line_1_40' title="bbox 10 3463 1093 3598; baseline -0.002 -64"><span class='ocrx_word' id='word_1_335' title='bbox 10 3463 132 3598; x_wconf 62' lang='lat' dir='ltr'>l”pulum</span> <span class='ocrx_word' id='word_1_336' title='bbox 155 3477 204 3538; x_wconf 84' lang='lat' dir='ltr'>scd</span> <span class='ocrx_word' id='word_1_337' title='bbox 224 3476 417 3559; x_wconf 80' lang='lat' dir='ltr'>Evangelium</span> <span class='ocrx_word' id='word_1_338' title='bbox 436 3477 582 3550; x_wconf 83' lang='lat' dir='ltr'>attulisse,</span> <span class='ocrx_word' id='word_1_339' title='bbox 607 3475 687 3556; x_wconf 92' lang='lat' dir='ltr'>quod</span> <span class='ocrx_word' id='word_1_340' title='bbox 712 3495 766 3555; x_wconf 90' lang='lat' dir='ltr'>per</span> <span class='ocrx_word' id='word_1_341' title='bbox 790 3484 887 3533; x_wconf 92' lang='lat' dir='ltr'>totum</span> <span class='ocrx_word' id='word_1_342' title='bbox 908 3473 1010 3534; x_wconf 89' lang='lat' dir='ltr'>orbem</span> <span class='ocrx_word' id='word_1_343' title='bbox 1032 3493 1093 3562; x_wconf 80' lang='lat' dir='ltr'>non</span> 
     </span>
     <span class='ocr_line' id='line_1_41' title="bbox 9 3547 1092 3638; baseline -0.002 -26"><span class='ocrx_word' id='word_1_344' title='bbox 9 3555 72 3604; x_wconf 75' lang='lat' dir='ltr'>outo</span> <span class='ocrx_word' id='word_1_345' title='bbox 96 3566 156 3630; x_wconf 87' lang='lat' dir='ltr'>post</span> <span class='ocrx_word' id='word_1_346' title='bbox 180 3553 358 3638; x_wconf 78' lang='lat' dir='ltr'>vulgandum</span> <span class='ocrx_word' id='word_1_347' title='bbox 391 3565 463 3612; x_wconf 85' lang='lat' dir='ltr'>erat.</span> <span class='ocrx_word' id='word_1_348' title='bbox 514 3553 616 3628; x_wconf 85' lang='lat' dir='ltr'>Quare</span> <span class='ocrx_word' id='word_1_349' title='bbox 645 3573 706 3612; x_wconf 89' lang='lat' dir='ltr'>non</span> <span class='ocrx_word' id='word_1_350' title='bbox 739 3550 850 3630; x_wconf 85' lang='lat' dir='ltr'>absque</span> <span class='ocrx_word' id='word_1_351' title='bbox 880 3550 940 3610; x_wconf 88' lang='lat' dir='ltr'>Dei</span> <span class='ocrx_word' id='word_1_352' title='bbox 969 3547 1092 3610; x_wconf 76' lang='lat' dir='ltr'>consilto</span> 
     </span>
     <span class='ocr_line' id='line_1_42' title="bbox 10 3612 1096 3712; baseline -0.005 -23"><span class='ocrx_word' id='word_1_353' title='bbox 10 3612 86 3681; x_wconf 71' lang='lat' dir='ltr'>butum</span> <span class='ocrx_word' id='word_1_354' title='bbox 110 3641 168 3705; x_wconf 85' lang='lat' dir='ltr'>est,</span> <span class='ocrx_word' id='word_1_355' title='bbox 198 3632 279 3712; x_wconf 92' lang='lat' dir='ltr'>qnod</span> <span class='ocrx_word' id='word_1_356' title='bbox 311 3643 371 3690; x_wconf 89' lang='lat' dir='ltr'>tam</span> <span class='ocrx_word' id='word_1_357' title='bbox 396 3628 505 3690; x_wconf 82' lang='lat' dir='ltr'>diserte</span> <span class='ocrx_word' id='word_1_358' title='bbox 530 3649 680 3710; x_wconf 81' lang='lat' dir='ltr'>expressus</span> <span class='ocrx_word' id='word_1_359' title='bbox 714 3625 805 3687; x_wconf 85' lang='lat' dir='ltr'>luerit</span> <span class='ocrx_word' id='word_1_360' title='bbox 829 3645 988 3688; x_wconf 84' lang='lat' dir='ltr'>consensus</span> <span class='ocrx_word' id='word_1_361' title='bbox 1018 3625 1096 3687; x_wconf 86' lang='lat' dir='ltr'>inter</span> 
     </span>
     <span class='ocr_line' id='line_1_43' title="bbox 9 3699 1091 3792; baseline 0.006 -41"><span class='ocrx_word' id='word_1_362' title='bbox 9 3705 89 3759; x_wconf 79' lang='lat' dir='ltr'>uteres</span> <span class='ocrx_word' id='word_1_363' title='bbox 104 3706 268 3786; x_wconf 83' lang='lat' dir='ltr'>prophetias</span> <span class='ocrx_word' id='word_1_364' title='bbox 288 3718 319 3766; x_wconf 90' lang='lat' dir='ltr'>et</span> <span class='ocrx_word' id='word_1_365' title='bbox 359 3719 521 3766; x_wconf 83' lang='lat' dir='ltr'>raesentem</span> <span class='ocrx_word' id='word_1_366' title='bbox 543 3704 579 3764; x_wconf 92' lang='lat' dir='ltr'>de</span> <span class='ocrx_word' id='word_1_367' title='bbox 594 3701 706 3763; x_wconf 69' lang='lat' dir='ltr'>obeso</span> <span class='ocrx_word' id='word_1_368' title='bbox 721 3699 935 3762; x_wconf 79' lang='lat' dir='ltr'>manifestando</span> <span class='ocrx_word' id='word_1_369' title='bbox 948 3701 1091 3792; x_wconf 75' lang='lat' dir='ltr'>nuntiprp.</span> 
     </span>
     <span class='ocr_line' id='line_1_44' title="bbox 10 3727 1093 3860; baseline -0.012 -11"><span class='ocrx_word' id='word_1_370' title='bbox 10 3765 155 3848; x_wconf 57' lang='lat' dir='ltr'>cmm&amp;</span> <span class='ocrx_word' id='word_1_371' title='bbox 163 3783 285 3844; x_wconf 87' lang='lat' dir='ltr'>verbum</span> <span class='ocrx_word' id='word_1_372' title='bbox 296 3727 462 3842; x_wconf 57' lang='lat' dir='ltr'>reilllendo</span> <span class='ocrx_word' id='word_1_373' title='bbox 477 3795 536 3842; x_wconf 75' lang='lat' dir='ltr'>um</span> <span class='ocrx_word' id='word_1_374' title='bbox 547 3780 706 3842; x_wconf 83' lang='lat' dir='ltr'>Marcionis</span> <span class='ocrx_word' id='word_1_375' title='bbox 717 3799 802 3860; x_wconf 74' lang='lat' dir='ltr'>quem</span> <span class='ocrx_word' id='word_1_376' title='bbox 815 3777 977 3838; x_wconf 75' lang='lat' dir='ltr'>Manichaei</span> <span class='ocrx_word' id='word_1_377' title='bbox 990 3775 1093 3836; x_wconf 83' lang='lat' dir='ltr'>delrrro</span> 
     </span>
     <span class='ocr_line' id='line_1_45' title="bbox 9 3843 1092 3940; baseline 0.015 -43"><span class='ocrx_word' id='word_1_378' title='bbox 9 3843 91 3910; x_wconf 79' lang='lat' dir='ltr'>sufficit.</span> <span class='ocrx_word' id='word_1_379' title='bbox 115 3859 182 3919; x_wconf 86' lang='lat' dir='ltr'>Nam</span> <span class='ocrx_word' id='word_1_380' title='bbox 195 3859 265 3921; x_wconf 90' lang='lat' dir='ltr'>inde</span> <span class='ocrx_word' id='word_1_381' title='bbox 276 3857 417 3940; x_wconf 79' lang='lat' dir='ltr'>colligere</span> <span class='ocrx_word' id='word_1_382' title='bbox 429 3869 595 3940; x_wconf 88' lang='lat' dir='ltr'>promptum</span> <span class='ocrx_word' id='word_1_383' title='bbox 610 3867 663 3933; x_wconf 87' lang='lat' dir='ltr'>est,</span> <span class='ocrx_word' id='word_1_384' title='bbox 679 3877 740 3916; x_wconf 91' lang='lat' dir='ltr'>non</span> <span class='ocrx_word' id='word_1_385' title='bbox 758 3853 919 3914; x_wconf 81' lang='lat' dir='ltr'>aetherium</span> <span class='ocrx_word' id='word_1_386' title='bbox 930 3874 1038 3933; x_wconf 84' lang='lat' dir='ltr'>corpus</span> <span class='ocrx_word' id='word_1_387' title='bbox 1048 3851 1092 3914; x_wconf 88' lang='lat' dir='ltr'>vel</span> 
     </span>
     <span class='ocr_line' id='line_1_46' title="bbox 8 3929 1095 4048; baseline -0.011 -48"><span class='ocrx_word' id='word_1_388' title='bbox 8 3935 116 4048; x_wconf 45' lang='grc' dir='ltr'>’ζώω</span> <span class='ocrx_word' id='word_1_389' title='bbox 122 3933 237 4010; x_wconf 72' lang='lat' dir='ltr'>Mariam</span> <span class='ocrx_word' id='word_1_390' title='bbox 248 3935 462 4032; x_wconf 78' lang='lat' dir='ltr'>peperisse,sed</span> <span class='ocrx_word' id='word_1_391' title='bbox 492 3955 557 3996; x_wconf 89' lang='lat' dir='ltr'>uem</span> <span class='ocrx_word' id='word_1_392' title='bbox 569 3935 649 4028; x_wconf 86' lang='lat' dir='ltr'>priua</span> <span class='ocrx_word' id='word_1_393' title='bbox 660 3933 691 3992; x_wconf 90' lang='lat' dir='ltr'>in</span> <span class='ocrx_word' id='word_1_394' title='bbox 704 3943 790 3992; x_wconf 89' lang='lat' dir='ltr'>utero</span> <span class='ocrx_word' id='word_1_395' title='bbox 802 3940 980 4010; x_wconf 84' lang='lat' dir='ltr'>conceperat</span> <span class='ocrx_word' id='word_1_396' title='bbox 994 3929 1095 3990; x_wconf 85' lang='lat' dir='ltr'>letum.</span> 
     </span>
     <span class='ocr_line' id='line_1_47' title="bbox 32 4001 1095 4088; baseline -0.011 -13"><span class='ocrx_word' id='word_1_397' title='bbox 32 4001 106 4066; x_wconf 57' lang='lat' dir='ltr'>mlle</span> <span class='ocrx_word' id='word_1_398' title='bbox 119 4031 219 4073; x_wconf 74' lang='lat' dir='ltr'>men</span> <span class='ocrx_word' id='word_1_399' title='bbox 235 4035 296 4073; x_wconf 80' lang='lat' dir='ltr'>etus</span> <span class='ocrx_word' id='word_1_400' title='bbox 311 4011 417 4078; x_wconf 72' lang='lat' dir='ltr'>Imm.</span> <span class='ocrx_word' id='word_1_401' title='bbox 485 4011 592 4072; x_wconf 81' lang='lat' dir='ltr'>ominus</span> <span class='ocrx_word' id='word_1_402' title='bbox 611 4011 686 4070; x_wconf 89' lang='lat' dir='ltr'>ratio</span> <span class='ocrx_word' id='word_1_403' title='bbox 706 4007 782 4088; x_wconf 89' lang='lat' dir='ltr'>apud</span> <span class='ocrx_word' id='word_1_404' title='bbox 795 4005 976 4068; x_wconf 84' lang='lat' dir='ltr'>Matthaeum</span> <span class='ocrx_word' id='word_1_405' title='bbox 988 4005 1095 4067; x_wconf 81' lang='lat' dir='ltr'>reddi-</span> 
     </span>
     <span class='ocr_line' id='line_1_48' title="bbox 9 4079 1095 4182; baseline -0.013 -29"><span class='ocrx_word' id='word_1_406' title='bbox 9 4079 153 4162; x_wconf 53' lang='grc' dir='ltr'>ιω(Ὧι),</span> <span class='ocrx_word' id='word_1_407' title='bbox 172 4089 250 4182; x_wconf 88' lang='lat' dir='ltr'>qnod</span> <span class='ocrx_word' id='word_1_408' title='bbox 266 4087 374 4152; x_wconf 83' lang='lat' dir='ltr'>salvum</span> <span class='ocrx_word' id='word_1_409' title='bbox 394 4109 410 4149; x_wconf 85' lang='lat' dir='ltr'>a</span> <span class='ocrx_word' id='word_1_410' title='bbox 431 4091 557 4168; x_wconf 87' lang='lat' dir='ltr'>peccatis</span> <span class='ocrx_word' id='word_1_411' title='bbox 571 4085 661 4146; x_wconf 82' lang='lat' dir='ltr'>saciat</span> <span class='ocrx_word' id='word_1_412' title='bbox 680 4081 831 4165; x_wconf 86' lang='lat' dir='ltr'>populum.</span> <span class='ocrx_word' id='word_1_413' title='bbox 871 4081 916 4144; x_wconf 80' lang='lat' dir='ltr'>lta</span> <span class='ocrx_word' id='word_1_414' title='bbox 930 4083 1095 4146; x_wconf 83' lang='lat' dir='ltr'>innomine</span> 
     </span>
     <span class='ocr_line' id='line_1_49' title="bbox 9 4147 1096 4243; baseline 0.006 -24"><span class='ocrx_word' id='word_1_415' title='bbox 9 4147 241 4242; x_wconf 61' lang='lat' dir='ltr'>”lupen-ittotai,</span> <span class='ocrx_word' id='word_1_416' title='bbox 260 4177 291 4228; x_wconf 89' lang='lat' dir='ltr'>et</span> <span class='ocrx_word' id='word_1_417' title='bbox 304 4165 472 4228; x_wconf 88' lang='lat' dir='ltr'>ostenditur</span> <span class='ocrx_word' id='word_1_418' title='bbox 486 4165 516 4226; x_wconf 93' lang='lat' dir='ltr'>io</span> <span class='ocrx_word' id='word_1_419' title='bbox 529 4175 616 4243; x_wconf 85' lang='lat' dir='ltr'>quem</span> <span class='ocrx_word' id='word_1_420' title='bbox 626 4161 714 4222; x_wconf 84' lang='lat' dir='ltr'>finem</span> <span class='ocrx_word' id='word_1_421' title='bbox 726 4161 826 4222; x_wconf 80' lang='lat' dir='ltr'>missus</span> <span class='ocrx_word' id='word_1_422' title='bbox 837 4157 926 4222; x_wconf 87' lang='lat' dir='ltr'>luerit</span> <span class='ocrx_word' id='word_1_423' title='bbox 942 4155 1096 4225; x_wconf 55' lang='lat' dir='ltr'>Bivium</span> 
     </span>
     <span class='ocr_line' id='line_1_50' title="bbox 10 4217 1095 4324; baseline 0.011 -43"><span class='ocrx_word' id='word_1_424' title='bbox 10 4217 108 4294; x_wconf 67' lang='lat' dir='ltr'>Petreio</span> <span class='ocrx_word' id='word_1_425' title='bbox 125 4242 271 4317; x_wconf 84' lang='lat' dir='ltr'>mundum,</span> <span class='ocrx_word' id='word_1_426' title='bbox 287 4241 531 4324; x_wconf 86' lang='lat' dir='ltr'>quemadmodum</span> <span class='ocrx_word' id='word_1_427' title='bbox 550 4260 581 4300; x_wconf 84' lang='lat' dir='ltr'>se</span> <span class='ocrx_word' id='word_1_428' title='bbox 598 4237 771 4320; x_wconf 82' lang='lat' dir='ltr'>pronuntiat</span> <span class='ocrx_word' id='word_1_429' title='bbox 787 4255 849 4298; x_wconf 89' lang='lat' dir='ltr'>non</span> <span class='ocrx_word' id='word_1_430' title='bbox 865 4231 1095 4316; x_wconf 77' lang='lat' dir='ltr'>adpordendum</span> 
     </span>
    </p>
   </div>
   <div class='ocr_carea' id='block_1_5' title="bbox 12 4303 1097 4470">
    <p class='ocr_par' dir='ltr' id='par_1_8' title="bbox 12 4303 1097 4470">
     <span class='ocr_line' id='line_1_51' title="bbox 12 4303 1094 4406; baseline -0.018 -20"><span class='ocrx_word' id='word_1_431' title='bbox 12 4303 105 4384; x_wconf 53' lang='grc' dir='ltr'>ῑῑι’ἰωὴ</span> <span class='ocrx_word' id='word_1_432' title='bbox 124 4316 171 4376; x_wconf 81' lang='lat' dir='ltr'>aed</span> <span class='ocrx_word' id='word_1_433' title='bbox 188 4329 222 4378; x_wconf 91' lang='lat' dir='ltr'>nt</span> <span class='ocrx_word' id='word_1_434' title='bbox 239 4319 350 4380; x_wconf 86' lang='lat' dir='ltr'>mnodo</span> <span class='ocrx_word' id='word_1_435' title='bbox 369 4316 492 4380; x_wconf 86' lang='lat' dir='ltr'>sulutem</span> <span class='ocrx_word' id='word_1_436' title='bbox 514 4316 618 4378; x_wconf 80' lang='lat' dir='ltr'>alierat</span> <span class='ocrx_word' id='word_1_437' title='bbox 637 4313 694 4406; x_wconf 65' lang='lat' dir='ltr'>(lq.</span> <span class='ocrx_word' id='word_1_438' title='bbox 709 4319 755 4388; x_wconf 75' lang='lat' dir='ltr'>tu,</span> <span class='ocrx_word' id='word_1_439' title='bbox 768 4316 836 4389; x_wconf 62' lang='lat' dir='ltr'>lb).</span> <span class='ocrx_word' id='word_1_440' title='bbox 876 4307 1094 4398; x_wconf 71' lang='lat' dir='ltr'>Meminerimus</span> 
     </span>
     <span class='ocr_line' id='line_1_52' title="bbox 12 4385 1097 4470; baseline 0.006 -44"><span class='ocrx_word' id='word_1_441' title='bbox 12 4387 151 4450; x_wconf 80' lang='lat' dir='ltr'>autemnon</span> <span class='ocrx_word' id='word_1_442' title='bbox 174 4391 323 4455; x_wconf 86' lang='lat' dir='ltr'>bominum</span> <span class='ocrx_word' id='word_1_443' title='bbox 348 4393 489 4470; x_wconf 85' lang='lat' dir='ltr'>arbitrio,</span> <span class='ocrx_word' id='word_1_444' title='bbox 519 4393 568 4452; x_wconf 84' lang='lat' dir='ltr'>sed</span> <span class='ocrx_word' id='word_1_445' title='bbox 596 4391 653 4448; x_wconf 78' lang='lat' dir='ltr'>lieu</span> <span class='ocrx_word' id='word_1_446' title='bbox 680 4411 758 4447; x_wconf 84' lang='lat' dir='ltr'>rneeu</span> <span class='ocrx_word' id='word_1_447' title='bbox 786 4407 895 4446; x_wconf 88' lang='lat' dir='ltr'>nomen</span> <span class='ocrx_word' id='word_1_448' title='bbox 922 4385 979 4441; x_wconf 87' lang='lat' dir='ltr'>hoc</span> <span class='ocrx_word' id='word_1_449' title='bbox 1000 4399 1097 4455; x_wconf 79' lang='lat' dir='ltr'>empo-</span> 
     </span>
    </p>
   </div>
   <div class='ocr_carea' id='block_1_6' title="bbox 736 4465 792 4524">
    <p class='ocr_par' dir='ltr' id='par_1_9' title="bbox 736 4465 792 4524">
     <span class='ocr_line' id='line_1_53' title="bbox 736 4465 792 4524; baseline 0 -22"><span class='ocrx_word' id='word_1_450' title='bbox 736 4465 792 4524; x_wconf 60' lang='grc' dir='ltr'>*μ</span> 
     </span>
    </p>
   </div>
   <div class='ocr_carea' id='block_1_7' title="bbox 0 0 1289 4848">
    <p class='ocr_par' dir='ltr' id='par_1_10' title="bbox 0 0 1289 4848">
     <span class='ocr_line' id='line_1_54' title="bbox 0 0 1289 4848; baseline 0 0"><span class='ocrx_word' id='word_1_451' title='bbox 0 0 1289 4848; x_wconf 95' lang='lat' dir='ltr'> </span> 
     </span>
    </p>
   </div>
  </div>
 </body>
</html>
