2522 4852
330 251 391 330 (27.
410 249 539 312 ioauues
559 249 737 332 baptizans.)
813 263 818 273 ¹
1056 257 1096 320 89

23 395 84 460 ter
99 393 331 483 egrediebantur
351 395 392 462 ad
415 417 488 463 eum
507 405 576 463 tota
596 396 740 462 Iudaeae
760 397 867 483 regio,
889 405 921 463 et
941 399 1097 468 Hieroso-

22 495 128 580 lpnitae,
147 509 175 563 et
189 495 435 585 baptizabantur
456 522 568 566 omnes
590 495 631 564 ab
653 497 713 565 illo
735 501 770 565 iu
791 496 931 566 Iordane
955 499 1098 582 flumine,

20 597 164 664 ordientes
182 608 312 685 peccatu
331 621 401 668 aua.
441 603 472 666 6.
492 601 572 667 Erat
589 611 694 666 autem
715 601 1001 668 Ioannesvestitua
1021 601 1099 688 pilis

20 697 107 776 anet,
125 709 153 764 et
172 721 253 764 zoua
274 699 415 788 pellicea
434 705 556 770 circum
576 698 707 768 lumbos
727 723 817 782 auos,
837 700 1096 792 vescebaturque

20 795 109 864 locutis
125 809 153 866 et
171 799 265 866 melle
287 800 437 869 silvestri.

70 953 151 1024 LUC.
176 960 226 1026 111.
269 960 299 1026 1.
326 963 425 1030 Anno
455 973 561 1032 autern
589 959 715 1028 decimo
744 965 858 1051 quinto
884 965 1012 1052 imperii
1040 967 1108 1034 'l'i-⁴

20 1051 220 1139 heriiCaesaris,
241 1062 363 1131 Pontio
375 1067 483 1133 Pilato
495 1061 651 1130 Praeside
663 1062 813 1141 Iudaeae,
834 1066 994 1132 tetrarcha
1013 1090 1096 1136 veru

21 1153 138 1226 Galilaeae
157 1162 308 1242 Herode,
329 1165 492 1254 Philippo
507 1174 612 1229 autem
634 1163 735 1229 fratre
757 1165 828 1228 eius
848 1167 1009 1233 tetrarcha
1030 1170 1096 1235 Itu-

20 1277 78 1322 racae
91 1261 362 1332 etTrachouitidis
378 1267 531 1354 regionis,
553 1275 585 1329 et
596 1261 908 1350 LysaniaAhilcnes
928 1266 1098 1352 tetrarcha,

20 1353 94 1424 lSuh
109 1363 314 1448 pontificibus
333 1368 453 1434 Henna
474 1377 507 1432 et
519 1361 645 1450 Caipha
665 1363 855 1430 factumest
875 1367 1011 1436 verbum
1026 1370 1097 1438 Do-

22 1459 70 1522 u'ai
89 1483 170 1548 super
196 1467 372 1546 loannem,
402 1467 577 1531 Zachariae
606 1463 710 1530 hlium
736 1467 771 1530 iu
802 1464 943 1533 deserto.
997 1472 1026 1535 3.
1051 1472 1095 1538 Et
1151 1501 1153 1506 ·

26 1560 111 1626 ttt'tth
125 1575 218 1632 totam
240 1569 412 1654 regionem
435 1569 713 1633 circumiaceutem
733 1565 885 1647 Iordani,
905 1567 1096 1653 praedicans

26 1651 150 1740 intimum
168 1669 398 1754 poeniteutiae
424 1670 708 1734 inremissionem
736 1678 953 1753 peccatorum.
995 1671 1100 1738 asi-

22 1767 183 1851 utscnptnn
211 1771 322 1833 estin
347 1766 436 1834 libro
462 1789 647 1834 sermonum
673 1768 798 1834 lesaiae
825 1769 1021 1858 prophetae,
1048 1773 1104 1840 di·-

19 1863 157 1938 contos
176 1865 348 1934 clamantis
371 1871 406 1934 in
428 1865 570 1948 deserto,
591 1867 707 1933 Parate
727 1869 811 1933 viam
825 1868 971 1951 Domini,
991 1884 1097 1942 rectas

18 1955 77 2028 hu'te
95 1969 209 2036 teubas
243 1972 329 2035 eiua·
383 1969 413 2034 5.
443 1967 559 2034 Omnia
578 1967 674 2036 vallis
698 1965 901 2054 implebitur,
932 1983 966 2040 et
992 1979 1098 2044 omnis
1153 2015 1155 2018 ·

17 2079 73 2126 tous
86 2077 111 2130 et
125 2069 213 2137 collis
233 2068 470 2150 humiliabitur,
493 2080 526 2136 et
545 2069 628 2136 fient
646 2089 731 2156 quae
742 2068 879 2158 obliqua
900 2084 976 2140 sunt
995 2085 1097 2158 recta,

17 2171 137 2330 ‘lespera
160 2173 193 2237 iu
220 2174 297 2237 vias
324 2168 446 2256 planas.
495 2171 525 2238 6.
552 2171 596 2238 Ει
618 2167 745 2238 videbit
764 2173 877 2261 ¹omnis
904 2195 982 2243 caro
1003 2175 1097 2244 Salti-

16 2271 56 2329 tare
96 2271 128 2334 ei.
570 2279 579 2294 '
951 2285 957 2294 “

60 2449 167 2518 Tametsi
194 2475 266 2538 pars
287 2454 441 2539 Evangelii
473 2465 530 2532 est,
559 2453 642 2538 quud
665 2453 807 2516 hactenus
832 2471 868 2513 ex
891 2456 1042 2520 Matthaeo
1066 2471 1097 2522 et

16 2517 62 2584 lfltt
75 2531 224 2608 retulimus,
251 2551 320 2594 non
345 2544 444 2593 umen
464 2532 516 2594 abs
535 2552 568 2593 rc
588 2543 648 2607 est,
671 2531 754 2612 quud
772 2529 926 2614 Evangelii
945 2534 1101 2596 exordium
1133 2577 1134 2580 κ

15 2597 88 2664 latras
103 2607 129 2666 iu
147 2610 371 2690 praedicatione
390 2610 510 2670 loannis
530 2609 678 2688 Baptistae
702 2606 866 2669 coustituit.
911 2610 986 2671 Nam
1010 2611 1099 2675 sicuti

16 2671 97 2740 iduor
111 2683 226 2748 loannis
252 2687 371 2768 primo,
395 2697 467 2746 tuuc
487 2685 604 2746 demum
629 2686 668 2744 im
692 2685 783 2745 ositus
811 2696 856 2746 est
879 2685 945 2748 linis
964 2688 1039 2770 Legi
1065 2701 1099 2751 et

14 2747 134 2840 luptatis:
162 2763 224 2823 Lex
244 2774 277 2822 et
297 2760 468 2843 Prophetae
493 2762 642 2842 usquead
662 2705 823 2834 breonem,
855 2781 890 2822 ex
908 2783 945 2824 eo
971 2785 1096 2847 regnum

14 2823 276 2916 llattc(an.16‚
298 2840 361 2928 lh)
398 2836 439 2898 At
482 2836 576 2898 ehuc
594 2838 741 2917 aptissime
760 2836 894 2918 quadrat,
905 2840 985 2919 quod
1005 2841 1098 2903 addu-

15 2917 38 2960 01
50 2907 179 2974 Malachiae
193 2917 408 2980 testimonium
428 2860 479 2992 (ill
496 2917 547 3006 1.).
593 2915 664 2990 Quo
684 2913 775 2996 magis
794 2916 970 2976 accenderet
988 2917 1099 2980 Domi·

14 2987 148 3070 'uterinos
167 2992 204 3051 ad
232 2991 412 3052 desiderium
432 3009 594 3082 promissae
612 2991 729 3065 salutis,
753 2989 896 3070 populum
920 2991 956 3052 ad
980 3005 1097 3075 tempus

14 3071 64 3116 aon
77 3065 203 3128 vaticiniis
230 3069 349 3149 privare
374 3067 556 3139 instituerat,
584 3078 616 3127 et
640 3067 747 3128 scimus
767 3065 937 3127 Malachiam
961 3070 1097 3130 ultimum

13 3133 157 3218 ftltgitiuis
180 3165 215 3205 ac
243 3144 335 3206 certis
353 3142 513 3224 Prophetis
537 3141 634 3204 luisse.
671 3143 770 3202 Porro
790 3161 828 3201 ue
848 3143 950 3203 Iudaei
969 3144 1098 3206 famelici

14 3221 85 3350 ἵει
99 3217 249 3298 deiciant,
276 3239 329 3281 eos
354 3219 492 3281 hortatur
515 3231 549 3281 ut
572 3237 604 3280 se
628 3221 802 3280 contineant
820 3217 874 3278 suh
893 3219 976 3300 Lege
996 3221 1100 3298 Moris,

16 3365 88 3436 pus„
164 3373 201 3434 ab
230 3393 267 3435 ea
292 3384 457 3452 separatum
483 3370 612 3432 hahebat
630 3369 846 3450 Prophetarum
866 3370 1017 3448 doctriua,
1045 3373 1100 3434 sed

15 3446 85 3532 “titur
104 3449 246 3530 appendix
273 3461 339 3509 erat
367 3460 399 3509 et
421 3447 540 3528 plenior
564 3446 726 3530 expositio,
756 3457 789 3506 ut
807 3457 870 3508 tota
889 3447 1100 3528 gubernandae

55 3537 115 3582 tatae
131 3527 207 3586 ratio
228 3547 246 3586 a
264 3525 347 3608 Lege
366 3524 520 3605 penderet.
564 3523 629 3584 Nec
647 3543 719 3583 vcro
744 3541 853 3582 norum
874 3536 986 3586 estant
1006 3525 1100 3586 inhu-

14 3609 71 3664 Μ
89 3598 116 3659 in
139 3601 311 3684 Scriptura,
341 3598 554 3682 comprehendi
577 3599 631 3662 suh
657 3598 747 3680 Legis
770 3599 892 3659 nomine
916 3600 1100 3686 prophetias,
1175 3596 1183 3608 ’

14 3665 53 3740 itia
66 3673 95 3732 ad
115 3695 177 3738 cana
197 3697 303 3739 omues
328 3689 466 3758 unquam
486 3675 522 3738 ad
542 3697 627 3736 suurn
646 3674 761 3736 iontem
782 3685 813 3734 et
835 3695 959 3757 scopum
985 3678 1099 3740 reiece-

13 3737 88 3829 lutor.
131 3753 212 3815 Esau
237 3752 324 3814 elium
344 3767 416 3815 vero
449 3773 512 3814 uon
542 3764 679 3843 tanquam
711 3750 838 3810 inferior
855 3751 944 3835 Legis
972 3756 1100 3816 accessio

12 3811 52 3890 lm,
65 3825 106 3886 sed
117 3849 189 3890 aava
224 3829 332 3890 oeeodi
351 3829 456 3905 iurma,
476 3847 553 3909 quae
572 3847 704 3910 priorem
723 3825 802 3886 illam
814 3826 982 3912 abrogaret.
1000 3832 1099 3892 Porro

11 3889 125 3966 tanam
142 3906 180 3966 du
203 3907 291 3968 licem
299 3906 449 3969 Ecclesiae
467 3917 574 3967 statum
595 3905 774 3978 discernens,
794 3903 925 3984 priorem
945 3908 1101 3970 constituit

11 3971 43 4028 'll
57 3975 140 4060 laege,
190 3995 286 4044 terum
311 3983 566 4063 apraedicatione
586 3980 707 4042 Ioannis
724 3979 855 4040 inchoat.
893 3983 999 4064 Neque
1019 3985 1100 4044 euiua

12 4041 94 4112 lilim
112 4068 167 4133 est,
186 4059 259 4140 quin
278 4059 424 4122 Iuauuern
443 4058 604 4150 Baptistam
625 4057 775 4194 designet,
801 4073 892 4137 qaum
912 4058 998 4135 dicit,
1021 4059 1101 4148 Ecce

12 4137 47 4195 ‘it
66 4128 139 4192 mitto
163 4135 293 4218 legatum
316 4153 430 4195 meum:
455 4154 523 4215 qura
541 4135 590 4211 (ut
609 4133 665 4194 iam
705 4133 796 4192 ictum
815 4135 874 4212 est)
898 4153 1032 4216 expressa
1051 4131 1101 4194 hro

12 4200 96 4272 paim
112 4207 258 4272 distinctio
276 4212 357 4274 iuter
364 4211 477 4296 Legem
495 4222 527 4272 et
544 4230 655 4272 novum
665 4207 816 4272 Ecclesiae
835 4210 970 4272 ordinem
989 4229 1023 4268 ac
1041 4219 1100 4268 sta-

13 4282 59 4352 ¹¹¹2
73 4284 117 4362 qui
133 4287 337 4371 subrogandus
350 4298 422 4348 erat.
461 4286 498 4347 In
519 4285 647 4347 eundern
665 4305 783 4348 sensum
801 4285 892 4378 paulo
911 4297 980 4347 aute
991 4283 1101 4346 dixerat

13 4347 79 4428 (Μ
94 4361 195 4428 marm
214 4383 230 4428 a
248 4365 366 4430 Eurus
385 4373 455 4430 suut
474 4361 555 4428 cuim
571 4361 632 4428 loci
651 4381 772 4448 prorsus
790 4361 926 4441 nmilcs),
945 4359 1024 4428 teca
1043 4357 1101 4447 ago

87 3308 216 3432 appareat
234 3296 378 3378 promissa
397 3295 572 3375 redemptio.
611 3293 710 3356 Solius
730 3303 828 3353 autern
845 3295 934 3376 Legis
954 3297 1114 3372 neminie.

89 3391 98 3428 ι
