2664 4862
318 276 469 353 (md-l.
508 277 588 340 lectas
607 295 704 340 coeam
725 277 855 362 caipha.)
1094 289 1153 353 339

24 425 200 564 :gdpffibet
222 425 348 504 scribae,
381 428 430 508 qui
460 429 524 492 sirac
551 426 652 492 eulure
676 428 819 493 canum
842 441 937 495 omen
962 433 997 496 ad
1027 450 1150 503 murtam

102 741 207 826 (aot.)
250 741 423 808 ΜΑΤΤΗ.
451 741 567 809 xxvt.
610 743 664 811 tta.
691 743 735 810 Et
762 763 896 834 surgens
928 755 1071 817 snmrn'ns
1098 773 1149 821 sa-

24 841 131 912 crdos
155 845 199 910 ait
225 843 290 924 illi,
323 843 414 912 Nihil
436 841 634 933 respondes?
669 845 749 934 qnid
771 849 824 914 isti
847 857 959 916 contra
982 859 1014 918 te
1037 853 1148 922 testifi-

24 949 145 1016 entur?
187 944 240 1012 63.
262 947 352 1014 lesus
375 957 480 1014 autern
496 947 629 1014 tacebat.
650 949 691 1014 Et
713 950 914 1038 respondens
935 973 1077 1024 sumanus
1100 977 1149 1024 sa·

24 1049 131 1116 :urdus
153 1049 196 1114 ait
216 1046 280 1126 illi,
303 1047 428 1116 Adiuro
451 1060 481 1117 te
504 1071 563 1136 per
583 1051 691 1117 Deum
713 1053 885 1132 viventem,
920 1065 955 1121 nt
977 1055 1067 1124 dicas
1088 1079 1147 1126 no·

24 1156 77 1232 ris,
104 1173 145 1218 an
166 1161 201 1217 tu
222 1152 268 1218 sis
291 1149 442 1220 Christus
463 1153 568 1220 Filius
590 1152 665 1221 Dei.
708 1153 761 1220 dl.
783 1153 871 1220 Dicit
892 1154 940 1222 illi
962 1157 1065 1240 lesus,
1094 1163 1147 1228 Tu

24 1256 136 1334 linisti,
156 1263 362 1322 veruntamen
385 1253 459 1322 dicu
481 1255 590 1334 rubis,
610 1276 629 1320 a
651 1255 750 1322 modu
772 1256 927 1326 videbitis
948 1259 1066 1328 Filiuns
1086 1261 1146 1330 ho·

24 1359 108 1423 uinis
130 1355 291 1424 sedentem
315 1377 333 1421 a
356 1355 475 1421 dextris
503 1357 642 1435 virtutis,
679 1364 711 1422 et
731 1359 912 1426 venientem
938 1363 973 1428 in
1002 1363 1146 1434 nubibus

24 1459 107 1526 oeli.
149 1457 202 1525 66.
231 1459 327 1525 Ἰἰιιιο
354 1479 495 1528 surrrrnuc
518 1455 670 1524 sacerdos
708 1455 837 1526 discidit
862 1466 1049 1534 vestimenta
1080 1489 1147 1550 sna,

24 1565 141 1638 licens,
167 1557 420 1648 Blasphernavlt:
464 1560 543 1648 qnid
570 1563 704 1650 insuper
729 1582 860 1648 egemus
889 1565 1043 1634 testibus?
1071 1589 1146 1636 eccs

24 1685 100 1731 runc
131 1661 265 1728 audistis
303 1665 372 1728 eius
406 1661 642 1750 blasphemiam.
686 1663 739 1731 66.
763 1664 852 1752 Quid
883 1665 979 1734 vohis
1000 1667 1147 1738 videtnri

24 1775 55 1833 lt
85 1763 131 1832 illi
159 1763 390 1853 respondentes
418 1763 578 1845 dixerunt,
609 1765 698 1832 Reus
727 1775 775 1832 est
801 1771 922 1838 rnurtis.
967 1769 1020 1838 67.
1050 1771 1146 1840 Tune

24 1879 210 1956 rxspnernnt
231 1870 264 1934 in
287 1867 402 1934 laciern
423 1869 507 1948 eins,
529 1879 561 1936 et
582 1867 727 1954 colaphis
750 1890 822 1936 corn
845 1869 1045 1940 ceciderunt:
1088 1874 1144 1942 alii

27 1983 117 2038 ratem
137 1970 259 2060 palmas
281 1971 314 2036 in
334 1969 447 2035 lacicrn
470 1971 539 2036 eins
562 1971 778 2054 incusserunt,
820 1971 873 2038 68.
897 1973 1059 2058 Dicentes,
1078 1977 1145 2044 Vs·

24 2077 145 2142 icinare
167 2070 278 2154 nobis,
300 2069 443 2152 Christe,
465 2072 538 2160 quis
561 2083 622 2154 est,
642 2075 697 2160 qni
719 2083 750 2139 te
771 2077 938 2162 percussit

97 2241 242 2312 Mane.
263 2243 351 2310 xlv.
394 2242 446 2309 66.
469 2241 512 2313 Et
532 2263 667 2330 surgens
690 2265 832 2312 somnus
852 2245 1004 2314 sacerdos
1025 2249 1059 2314 ln
1079 2267 1145 2315 rne-

24 2351 109 2427 lium,
129 2349 335 2433 interrogavit
355 2347 477 2424 lesum,
506 2344 630 2426 dicens,
656 2345 733 2411 Non
756 2347 935 2434 respondes
953 2351 1146 2438 qnicqnanri

24 2451 89 2540 prid
112 2451 164 2516 isti
187 2449 341 2517 adversus
364 2457 395 2514 tc
417 2445 646 2515 testificantur?
699 2449 752 2515 dl.
776 2451 818 2516 At
839 2447 895 2516 ille
919 2450 1056 2532 tacebat,
1088 2475 1146 2520 ne·

24 2575 77 2640 [ue
100 2555 273 2640 qnicqnana
293 2547 521 2638 respondebat.
588 2551 729 2618 Rursum
755 2573 898 2620 cunnos
925 2552 1077 2620 sacerdus
1098 2557 1146 2621 in·

24 2656 200 2742 effugavit,
222 2663 254 2718 et
275 2651 351 2718 dicit
371 2650 435 2731 illi,
462 2652 515 2716 'l'n
537 2671 572 2717 es
595 2652 744 2720 Christus
765 2652 854 2720 illins
877 2654 1062 2722 Benedicti?
1092 2657 1145 2723 dd.

24 2781 104 2826 esus
127 2767 233 2823 autern
256 2753 346 2834 dixit,
367 2753 438 2842 Ego
462 2774 547 2820 suan:
570 2763 601 2820 et
622 2749 772 2820 videbitis
794 2753 912 2822 Filiunr
935 2757 1075 2825 bominis
1096 2782 1147 2828 se·

24 2864 139 2930 lentern
162 2882 181 2926 a
204 2857 322 2924 dextris
344 2858 483 2935 virtutis,
505 2866 537 2921 et
557 2859 737 2924 venientem
758 2859 791 2924 in
812 2857 957 2926 nobibns
978 2860 1072 2929 coeli.
1093 2863 1146 2928 oe

24 2968 164 3032 iurrrsnns
187 2972 291 3027 autern
314 2957 466 3024 sacerdos
494 2958 636 3026 discissis
663 2958 806 3026 vestibus
833 2963 900 3027 anis
928 2961 1019 3042 dixit,
1057 2963 1147 3052 Quid

24 3065 117 3132 dbuc
144 3083 227 3152 opus
254 3061 410 3128 hebernus
439 3059 592 3128 testibus?
655 3061 708 3128 64.
734 3059 878 3130 Audistis
904 3063 1146 3152 blasphemiam:

27 3167 90 3234 uid
118 3164 216 3232 vobis
244 3165 390 3232 videtur?
432 3163 484 3228 llli
508 3181 589 3230 veru
618 3183 729 3228 omnes
757 3163 1051 3232 condemnaverunt
1074 3189 1147 3234 enrn

24 3292 81 3336 sse
105 3289 196 3334 renen
216 3269 340 3332 mortis.
405 3265 457 3332 65.
478 3266 520 3332 Et
548 3274 725 3352 coeperunt
753 3265 881 3354 quidam
910 3289 1092 3354 conspuere
1114 3271 1147 3336 in

24 3395 99 3451 usn,
133 3381 166 3436 ct
187 3367 339 3438 obvelare
361 3367 474 3436 laciern
497 3369 581 3448 cius,
617 3377 650 3434 et
671 3365 814 3456 colaphis
844 3392 915 3438 curn
937 3370 1085 3452 eaedere,
1117 3383 1149 3440 et

26 3479 121 3542 icere
142 3472 205 3553 illi,
227 3473 355 3538 Divina.
398 3473 441 3539 Et
461 3473 597 3538 ministri
619 3469 765 3558 colaphis
787 3493 860 3538 enm
883 3473 1067 3541 caedebant.
1167 3503 1169 3508 ·
1307 3485 1308 3488 ’

95 3644 200 3713 LUC.
222 3643 319 3709 llllll.
355 3642 408 3708 63.
430 3641 474 3708 Et
494 3645 565 3721 viri,
585 3645 640 3730 qui
662 3639 816 3708 tenebant
833 3643 947 3724 lesum,
969 3643 1149 3714 illudebant

23 3753 33 3817 i
61 3748 245 3816 caedentes.
310 3745 363 3812 61.
385 3745 428 3810 Et
450 3768 548 3832 qnnrn
572 3767 643 3812 eurn
667 3742 812 3832 undique
836 3743 1008 3830 celassent,
1035 3772 1149 3836 percu·

24 3851 135 3918 lebant
157 3851 269 3918 iaciens
292 3851 371 3914 cius.
413 3849 455 3914 Et
476 3846 716 3934 interrogabant
738 3868 826 3926 enm,
853 3847 1008 3929 dicentes,
1030 3853 1150 3916 Vatici-

27 3977 103 4032 are,
128 3956 202 4040 quis
226 3961 275 4017 est
295 3951 367 4026 ille,
390 3954 446 4037 qui
468 3962 500 4016 te
522 3953 699 4040 percussit?
730 3949 782 4018 65.
804 3949 848 4016 Et
868 3949 930 4016 alia
953 3951 1051 4018 molta
1075 3974 1150 4020 cun·

24 4057 161 4120 itinrrtcs
191 4051 339 4119 dicebant
368 4054 402 4118 in
432 4075 514 4120 curn.
579 4049 633 4118 66.
654 4053 762 4140 Atque
784 4063 820 4120 nt
849 4053 965 4134 illuxit,
991 4076 1150 4122 convene·

24 4167 83 4223 ont
107 4159 258 4227 seniores
280 4153 402 4244 plebis,
424 4165 456 4222 et
475 4158 640 4243 principes
668 4155 888 4232 sacerdotnm,
911 4165 942 4220 et
963 4154 1099 4232 scribae,
1121 4167 1153 4222 et

28 4269 173 4326 uxerunt
195 4258 286 4324 illurn
310 4261 344 4324 in
366 4256 535 4324 concilium
561 4279 671 4338 suurn,
734 4257 786 4322 6¹7.
808 4257 980 4336 Dicuntur,
1006 4257 1094 4324 Num
1117 4268 1152 4324 tu

24 4359 245 4428 stristnsl
283 4359 337 4428 dic
358 4359 465 4428 nobie.
509 4360 550 4426 Et
572 4361 719 4440 cirillia,
751 4360 785 4429 Si
808 4357 901 4424 rubis
925 4358 1050 4442 dixero,
1083 4381 1150 4428 nun

885 4463 946 4522 ῃ*
