<?xml version="1.0" encoding="UTF-8"?>
<!DOCTYPE html PUBLIC "-//W3C//DTD XHTML 1.0 Transitional//EN"
    "http://www.w3.org/TR/xhtml1/DTD/xhtml1-transitional.dtd">
<html xmlns="http://www.w3.org/1999/xhtml" xml:lang="en" lang="en">
 <head>
  <title>
</title>
<meta http-equiv="Content-Type" content="text/html;charset=utf-8" />
  <meta name='ocr-system' content='tesseract 3.04.00' />
  <meta name='ocr-capabilities' content='ocr_page ocr_carea ocr_par ocr_line ocrx_word'/>
</head>
<body>
  <div class='ocr_page' id='page_1' title='image "./ioanniscalvinii01calvgoog_0594.png"; bbox 0 0 2500 4852; ppageno 0'>
   <div class='ocr_carea' id='block_1_1' title="bbox 251 250 1104 334">
    <p class='ocr_par' dir='ltr' id='par_1_1' title="bbox 251 250 1104 334">
     <span class='ocr_line' id='line_1_1' title="bbox 251 250 1104 334; baseline 0.009 -18"><span class='ocrx_word' id='word_1_1' title='bbox 251 250 436 331; x_wconf 80' lang='lat' dir='ltr'>(ro-rae</span> <span class='ocrx_word' id='word_1_2' title='bbox 478 251 616 316; x_wconf 65' lang='lat' dir='ltr'>meu</span> <span class='ocrx_word' id='word_1_3' title='bbox 634 251 665 315; x_wconf 81' lang='lat' dir='ltr'>n</span> <span class='ocrx_word' id='word_1_4' title='bbox 679 253 811 334; x_wconf 66' lang='lat' dir='ltr'>naen.)</span> <span class='ocrx_word' id='word_1_5' title='bbox 1044 258 1104 327; x_wconf 84' lang='lat' dir='ltr'>roa</span> 
     </span>
    </p>
   </div>
   <div class='ocr_carea' id='block_1_2' title="bbox 9 373 1237 498">
    <p class='ocr_par' dir='ltr' id='par_1_2' title="bbox 9 373 1237 498">
     <span class='ocr_line' id='line_1_2' title="bbox 9 373 1237 498; baseline 0.011 -30"><span class='ocrx_word' id='word_1_6' title='bbox 9 399 176 490; x_wconf 60' lang='lat' dir='ltr'>‚aranu</span> <span class='ocrx_word' id='word_1_7' title='bbox 196 406 271 472; x_wconf 65' lang='lat' dir='ltr'>uus.</span> <span class='ocrx_word' id='word_1_8' title='bbox 313 399 345 472; x_wconf 85' lang='lat' dir='ltr'>a.</span> <span class='ocrx_word' id='word_1_9' title='bbox 367 403 607 486; x_wconf 70' lang='lat' dir='ltr'>recursura,</span> <span class='ocrx_word' id='word_1_10' title='bbox 628 373 727 472; x_wconf 70' lang='lat' dir='ltr'>nire</span> <span class='ocrx_word' id='word_1_11' title='bbox 748 409 784 473; x_wconf 78' lang='lat' dir='ltr'>n</span> <span class='ocrx_word' id='word_1_12' title='bbox 806 405 985 488; x_wconf 64' lang='lat' dir='ltr'>umerum,</span> <span class='ocrx_word' id='word_1_13' title='bbox 1007 411 1098 498; x_wconf 73' lang='lat' dir='ltr'>quoa</span> <span class='ocrx_word' id='word_1_14' title='bbox 1236 467 1237 470; x_wconf 7' lang='grc' dir='ltr'><strong><em>κ</em></strong></span> 
     </span>
    </p>
   </div>
   <div class='ocr_carea' id='block_1_3' title="bbox 9 507 1099 2122">
    <p class='ocr_par' dir='ltr' id='par_1_3' title="bbox 9 507 1099 2122">
     <span class='ocr_line' id='line_1_3' title="bbox 9 507 1099 600; baseline 0.014 -34"><span class='ocrx_word' id='word_1_15' title='bbox 9 517 84 570; x_wconf 85' lang='lat' dir='ltr'>notra</span> <span class='ocrx_word' id='word_1_16' title='bbox 103 525 157 572; x_wconf 86' lang='lat' dir='ltr'>roa</span> <span class='ocrx_word' id='word_1_17' title='bbox 179 516 237 572; x_wconf 89' lang='lat' dir='ltr'>est:</span> <span class='ocrx_word' id='word_1_18' title='bbox 261 516 291 574; x_wconf 88' lang='lat' dir='ltr'>et</span> <span class='ocrx_word' id='word_1_19' title='bbox 312 510 415 573; x_wconf 86' lang='lat' dir='ltr'>statim</span> <span class='ocrx_word' id='word_1_20' title='bbox 437 507 650 596; x_wconf 76' lang='lat' dir='ltr'>ingredientes</span> <span class='ocrx_word' id='word_1_21' title='bbox 673 513 706 576; x_wconf 92' lang='lat' dir='ltr'>in</span> <span class='ocrx_word' id='word_1_22' title='bbox 728 509 819 590; x_wconf 84' lang='lat' dir='ltr'>illud,</span> <span class='ocrx_word' id='word_1_23' title='bbox 841 513 1009 579; x_wconf 82' lang='lat' dir='ltr'>invenietis</span> <span class='ocrx_word' id='word_1_24' title='bbox 1026 514 1099 600; x_wconf 90' lang='lat' dir='ltr'>pul-</span> 
     </span>
     <span class='ocr_line' id='line_1_4' title="bbox 9 603 1098 698; baseline 0.011 -26"><span class='ocrx_word' id='word_1_25' title='bbox 9 631 46 672; x_wconf 90' lang='lat' dir='ltr'>uu</span> <span class='ocrx_word' id='word_1_26' title='bbox 73 607 236 694; x_wconf 74' lang='lat' dir='ltr'>alligatum,</span> <span class='ocrx_word' id='word_1_27' title='bbox 268 632 367 698; x_wconf 88' lang='lat' dir='ltr'>supra</span> <span class='ocrx_word' id='word_1_28' title='bbox 402 633 497 696; x_wconf 90' lang='lat' dir='ltr'>quem</span> <span class='ocrx_word' id='word_1_29' title='bbox 528 611 636 678; x_wconf 84' lang='lat' dir='ltr'>nullus</span> <span class='ocrx_word' id='word_1_30' title='bbox 664 613 827 680; x_wconf 85' lang='lat' dir='ltr'>bominum</span> <span class='ocrx_word' id='word_1_31' title='bbox 851 603 949 692; x_wconf 71' lang='lat' dir='ltr'>sedit,</span> <span class='ocrx_word' id='word_1_32' title='bbox 982 613 1098 684; x_wconf 83' lang='lat' dir='ltr'>solvite</span> 
     </span>
     <span class='ocr_line' id='line_1_5' title="bbox 9 711 1098 802; baseline 0.009 -28"><span class='ocrx_word' id='word_1_33' title='bbox 9 731 64 787; x_wconf 83' lang='lat' dir='ltr'>uu,</span> <span class='ocrx_word' id='word_1_34' title='bbox 87 721 116 776; x_wconf 87' lang='lat' dir='ltr'>et</span> <span class='ocrx_word' id='word_1_35' title='bbox 135 711 288 778; x_wconf 85' lang='lat' dir='ltr'>adducite.</span> <span class='ocrx_word' id='word_1_36' title='bbox 354 713 385 779; x_wconf 89' lang='grc'>3.</span> <span class='ocrx_word' id='word_1_37' title='bbox 430 715 471 778; x_wconf 88' lang='lat' dir='ltr'>Et</span> <span class='ocrx_word' id='word_1_38' title='bbox 493 716 613 802; x_wconf 87' lang='lat' dir='ltr'>siquis</span> <span class='ocrx_word' id='word_1_39' title='bbox 635 715 729 781; x_wconf 84' lang='lat' dir='ltr'>robis</span> <span class='ocrx_word' id='word_1_40' title='bbox 751 715 878 794; x_wconf 78' lang='lat' dir='ltr'>dixerit,</span> <span class='ocrx_word' id='word_1_41' title='bbox 902 717 974 782; x_wconf 87' lang='lat' dir='ltr'>Cur</span> <span class='ocrx_word' id='word_1_42' title='bbox 993 718 1098 784; x_wconf 79' lang='lat' dir='ltr'>facitis</span> 
     </span>
     <span class='ocr_line' id='line_1_6' title="bbox 9 811 1098 906; baseline 0.007 -30"><span class='ocrx_word' id='word_1_43' title='bbox 9 811 167 889; x_wconf 68' lang='lat' dir='ltr'>insidiate,</span> <span class='ocrx_word' id='word_1_44' title='bbox 189 813 273 900; x_wconf 85' lang='lat' dir='ltr'>Quia</span> <span class='ocrx_word' id='word_1_45' title='bbox 295 813 455 882; x_wconf 86' lang='lat' dir='ltr'>Dominus</span> <span class='ocrx_word' id='word_1_46' title='bbox 479 836 519 882; x_wconf 88' lang='lat' dir='ltr'>eo</span> <span class='ocrx_word' id='word_1_47' title='bbox 540 837 624 906; x_wconf 85' lang='lat' dir='ltr'>opus</span> <span class='ocrx_word' id='word_1_48' title='bbox 647 816 757 882; x_wconf 90' lang='lat' dir='ltr'>babet:</span> <span class='ocrx_word' id='word_1_49' title='bbox 777 823 807 882; x_wconf 90' lang='lat' dir='ltr'>et</span> <span class='ocrx_word' id='word_1_50' title='bbox 829 820 985 883; x_wconf 89' lang='lat' dir='ltr'>continuo</span> <span class='ocrx_word' id='word_1_51' title='bbox 1007 819 1098 884; x_wconf 86' lang='lat' dir='ltr'>ilium</span> 
     </span>
     <span class='ocr_line' id='line_1_7' title="bbox 9 915 1098 1006; baseline 0.009 -28"><span class='ocrx_word' id='word_1_52' title='bbox 9 919 71 982; x_wconf 85' lang='lat' dir='ltr'>nittet</span> <span class='ocrx_word' id='word_1_53' title='bbox 90 915 153 982; x_wconf 81' lang='lat' dir='ltr'>hnc</span> <span class='ocrx_word' id='word_1_54' title='bbox 196 915 546 997; x_wconf 62' lang='lat' dir='ltr'>nathinnaeorum,</span> <span class='ocrx_word' id='word_1_55' title='bbox 574 931 606 986; x_wconf 89' lang='lat' dir='ltr'>et</span> <span class='ocrx_word' id='word_1_56' title='bbox 628 923 820 986; x_wconf 83' lang='lat' dir='ltr'>invenerunt</span> <span class='ocrx_word' id='word_1_57' title='bbox 843 921 965 1006; x_wconf 84' lang='lat' dir='ltr'>pullum</span> <span class='ocrx_word' id='word_1_58' title='bbox 988 921 1098 1006; x_wconf 83' lang='lat' dir='ltr'>alliga·</span> 
     </span>
     <span class='ocr_line' id='line_1_8' title="bbox 9 1017 1098 1112; baseline 0.007 -31"><span class='ocrx_word' id='word_1_59' title='bbox 9 1039 43 1082; x_wconf 85' lang='lat' dir='ltr'>nn</span> <span class='ocrx_word' id='word_1_60' title='bbox 59 1021 133 1082; x_wconf 79' lang='lat' dir='ltr'>iuxta</span> <span class='ocrx_word' id='word_1_61' title='bbox 153 1019 277 1084; x_wconf 84' lang='lat' dir='ltr'>ianuam</span> <span class='ocrx_word' id='word_1_62' title='bbox 299 1019 380 1083; x_wconf 88' lang='lat' dir='ltr'>ioris</span> <span class='ocrx_word' id='word_1_63' title='bbox 402 1022 436 1086; x_wconf 87' lang='lat' dir='ltr'>iu</span> <span class='ocrx_word' id='word_1_64' title='bbox 458 1017 557 1100; x_wconf 82' lang='lat' dir='ltr'>bivio,</span> <span class='ocrx_word' id='word_1_65' title='bbox 579 1033 610 1087; x_wconf 86' lang='lat' dir='ltr'>et</span> <span class='ocrx_word' id='word_1_66' title='bbox 632 1022 762 1088; x_wconf 84' lang='lat' dir='ltr'>solvunt</span> <span class='ocrx_word' id='word_1_67' title='bbox 784 1021 882 1087; x_wconf 83' lang='lat' dir='ltr'>illurn.</span> <span class='ocrx_word' id='word_1_68' title='bbox 915 1023 946 1086; x_wconf 80' lang='lat'>5.</span> <span class='ocrx_word' id='word_1_69' title='bbox 969 1024 1011 1088; x_wconf 89' lang='lat' dir='ltr'>Et</span> <span class='ocrx_word' id='word_1_70' title='bbox 1027 1027 1098 1112; x_wconf 83' lang='lat' dir='ltr'>q&#39;ni·</span> 
     </span>
     <span class='ocr_line' id='line_1_9' title="bbox 9 1117 1098 1208; baseline 0.009 -26"><span class='ocrx_word' id='word_1_71' title='bbox 9 1117 47 1182; x_wconf 85' lang='lat' dir='ltr'>lan</span> <span class='ocrx_word' id='word_1_72' title='bbox 66 1141 174 1198; x_wconf 88' lang='lat' dir='ltr'>eornm,</span> <span class='ocrx_word' id='word_1_73' title='bbox 197 1123 253 1208; x_wconf 90' lang='lat' dir='ltr'>qui</span> <span class='ocrx_word' id='word_1_74' title='bbox 276 1119 343 1186; x_wconf 85' lang='lat' dir='ltr'>illic</span> <span class='ocrx_word' id='word_1_75' title='bbox 365 1119 499 1202; x_wconf 87' lang='lat' dir='ltr'>stabant,</span> <span class='ocrx_word' id='word_1_76' title='bbox 520 1122 670 1190; x_wconf 83' lang='lat' dir='ltr'>dixerunt</span> <span class='ocrx_word' id='word_1_77' title='bbox 691 1124 764 1204; x_wconf 86' lang='lat' dir='ltr'>illis,</span> <span class='ocrx_word' id='word_1_78' title='bbox 793 1123 882 1208; x_wconf 84' lang='lat' dir='ltr'><strong>Quid</strong></span> <span class='ocrx_word' id='word_1_79' title='bbox 905 1124 1007 1191; x_wconf 84' lang='lat' dir='ltr'>facitis</span> <span class='ocrx_word' id='word_1_80' title='bbox 1031 1127 1098 1193; x_wconf 86' lang='lat' dir='ltr'>sol·</span> 
     </span>
     <span class='ocr_line' id='line_1_10' title="bbox 9 1221 1098 1314; baseline 0.008 -29"><span class='ocrx_word' id='word_1_81' title='bbox 9 1231 78 1286; x_wconf 84' lang='lat' dir='ltr'>entes</span> <span class='ocrx_word' id='word_1_82' title='bbox 97 1221 232 1309; x_wconf 80' lang='lat' dir='ltr'>palinuri</span> <span class='ocrx_word' id='word_1_83' title='bbox 275 1225 307 1290; x_wconf 90' lang='grc'>6.</span> <span class='ocrx_word' id='word_1_84' title='bbox 329 1226 372 1291; x_wconf 78' lang='lat' dir='ltr'>At</span> <span class='ocrx_word' id='word_1_85' title='bbox 393 1223 442 1290; x_wconf 82' lang='lat' dir='ltr'>itti</span> <span class='ocrx_word' id='word_1_86' title='bbox 465 1223 614 1294; x_wconf 79' lang='lat' dir='ltr'>dixerunt</span> <span class='ocrx_word' id='word_1_87' title='bbox 636 1229 691 1304; x_wconf 83' lang='lat' dir='ltr'>eis,</span> <span class='ocrx_word' id='word_1_88' title='bbox 714 1225 983 1312; x_wconf 85' lang='lat' dir='ltr'>quemadmodum</span> <span class='ocrx_word' id='word_1_89' title='bbox 1006 1253 1098 1314; x_wconf 89' lang='lat' dir='ltr'>prae-</span> 
     </span>
     <span class='ocr_line' id='line_1_11' title="bbox 9 1325 1095 1416; baseline 0.008 -29"><span class='ocrx_word' id='word_1_90' title='bbox 9 1333 93 1408; x_wconf 76' lang='lat' dir='ltr'>eperat</span> <span class='ocrx_word' id='word_1_91' title='bbox 112 1325 206 1402; x_wconf 72' lang='lat' dir='ltr'>imus,</span> <span class='ocrx_word' id='word_1_92' title='bbox 229 1336 260 1390; x_wconf 89' lang='lat' dir='ltr'>et</span> <span class='ocrx_word' id='word_1_93' title='bbox 282 1329 428 1391; x_wconf 76' lang='lat' dir='ltr'><strong>siverunt</strong></span> <span class='ocrx_word' id='word_1_94' title='bbox 449 1346 517 1392; x_wconf 85' lang='lat' dir='ltr'>eoa.</span> <span class='ocrx_word' id='word_1_95' title='bbox 561 1331 591 1394; x_wconf 84' lang='lat'>7.</span> <span class='ocrx_word' id='word_1_96' title='bbox 619 1330 662 1394; x_wconf 81' lang='lat' dir='ltr'>Et</span> <span class='ocrx_word' id='word_1_97' title='bbox 684 1327 886 1393; x_wconf 85' lang='lat' dir='ltr'>adduxerunt</span> <span class='ocrx_word' id='word_1_98' title='bbox 906 1330 1030 1416; x_wconf 85' lang='lat' dir='ltr'>pullum</span> <span class='ocrx_word' id='word_1_99' title='bbox 1053 1330 1095 1396; x_wconf 87' lang='lat' dir='ltr'>tad</span> 
     </span>
     <span class='ocr_line' id='line_1_12' title="bbox 10 1427 1095 1518; baseline 0.011 -31"><span class='ocrx_word' id='word_1_100' title='bbox 10 1447 79 1502; x_wconf 82' lang='lat' dir='ltr'>erun,</span> <span class='ocrx_word' id='word_1_101' title='bbox 98 1433 126 1490; x_wconf 88' lang='lat' dir='ltr'>et</span> <span class='ocrx_word' id='word_1_102' title='bbox 147 1427 326 1492; x_wconf 90' lang='lat' dir='ltr'>iniecerunt</span> <span class='ocrx_word' id='word_1_103' title='bbox 347 1427 395 1492; x_wconf 82' lang='lat' dir='ltr'>itti</span> <span class='ocrx_word' id='word_1_104' title='bbox 419 1432 605 1496; x_wconf 86' lang='lat' dir='ltr'>vestimenta</span> <span class='ocrx_word' id='word_1_105' title='bbox 628 1452 694 1509; x_wconf 88' lang='lat' dir='ltr'>sna,</span> <span class='ocrx_word' id='word_1_106' title='bbox 716 1427 862 1516; x_wconf 74' lang='lat' dir='ltr'>seditque</span> <span class='ocrx_word' id='word_1_107' title='bbox 880 1453 977 1518; x_wconf 88' lang='lat' dir='ltr'>super</span> <span class='ocrx_word' id='word_1_108' title='bbox 996 1431 1095 1499; x_wconf 86' lang='lat' dir='ltr'>ilium.</span> 
     </span>
     <span class='ocr_line' id='line_1_13' title="bbox 9 1525 1096 1600; baseline 0.008 -9"><span class='ocrx_word' id='word_1_109' title='bbox 9 1525 123 1592; x_wconf 79' lang='lat' dir='ltr'>tntutn</span> <span class='ocrx_word' id='word_1_110' title='bbox 148 1550 228 1595; x_wconf 83' lang='lat' dir='ltr'>vero</span> <span class='ocrx_word' id='word_1_111' title='bbox 258 1531 446 1596; x_wconf 86' lang='lat' dir='ltr'>vestimenta</span> <span class='ocrx_word' id='word_1_112' title='bbox 473 1531 739 1599; x_wconf 79' lang='lat' dir='ltr'>consternabant</span> <span class='ocrx_word' id='word_1_113' title='bbox 765 1533 800 1596; x_wconf 92' lang='lat' dir='ltr'>in</span> <span class='ocrx_word' id='word_1_114' title='bbox 828 1535 895 1597; x_wconf 81' lang='lat' dir='ltr'>ria:</span> <span class='ocrx_word' id='word_1_115' title='bbox 939 1533 994 1598; x_wconf 88' lang='lat' dir='ltr'>aiii</span> <span class='ocrx_word' id='word_1_116' title='bbox 1015 1553 1096 1600; x_wconf 81' lang='lat' dir='ltr'>vern</span> 
     </span>
     <span class='ocr_line' id='line_1_14' title="bbox 9 1629 1097 1712; baseline 0.008 -19"><span class='ocrx_word' id='word_1_117' title='bbox 9 1629 95 1694; x_wconf 82' lang='lat' dir='ltr'>nudes</span> <span class='ocrx_word' id='word_1_118' title='bbox 115 1629 290 1696; x_wconf 84' lang='lat' dir='ltr'>caedebant</span> <span class='ocrx_word' id='word_1_119' title='bbox 309 1651 347 1696; x_wconf 86' lang='lat' dir='ltr'>er</span> <span class='ocrx_word' id='word_1_120' title='bbox 369 1631 551 1712; x_wconf 77' lang='lat' dir='ltr'>arboribus,</span> <span class='ocrx_word' id='word_1_121' title='bbox 574 1645 606 1700; x_wconf 86' lang='lat' dir='ltr'>et</span> <span class='ocrx_word' id='word_1_122' title='bbox 628 1629 812 1698; x_wconf 85' lang='lat' dir='ltr'>stenrebant</span> <span class='ocrx_word' id='word_1_123' title='bbox 835 1637 868 1698; x_wconf 88' lang='lat' dir='ltr'>in</span> <span class='ocrx_word' id='word_1_124' title='bbox 889 1637 951 1700; x_wconf 84' lang='lat' dir='ltr'>via.</span> <span class='ocrx_word' id='word_1_125' title='bbox 994 1637 1025 1700; x_wconf 83' lang='grc'><strong>9.</strong></span> <span class='ocrx_word' id='word_1_126' title='bbox 1054 1638 1097 1702; x_wconf 84' lang='lat' dir='ltr'>Et</span> 
     </span>
     <span class='ocr_line' id='line_1_15' title="bbox 9 1731 1096 1822; baseline 0.007 -28"><span class='ocrx_word' id='word_1_127' title='bbox 9 1734 35 1816; x_wconf 86' lang='lat' dir='ltr'>pi</span> <span class='ocrx_word' id='word_1_128' title='bbox 54 1731 291 1818; x_wconf 80' lang='lat' dir='ltr'>praecedebant,</span> <span class='ocrx_word' id='word_1_129' title='bbox 327 1736 447 1821; x_wconf 90' lang='lat' dir='ltr'>quique</span> <span class='ocrx_word' id='word_1_130' title='bbox 474 1735 708 1822; x_wconf 78' lang='lat' dir='ltr'>sequebantur,</span> <span class='ocrx_word' id='word_1_131' title='bbox 740 1733 920 1802; x_wconf 83' lang='lat' dir='ltr'>clamabant</span> <span class='ocrx_word' id='word_1_132' title='bbox 945 1735 1096 1820; x_wconf 86' lang='lat' dir='ltr'>dieentes,</span> 
     </span>
     <span class='ocr_line' id='line_1_16' title="bbox 9 1833 1098 1926; baseline 0.007 -28"><span class='ocrx_word' id='word_1_133' title='bbox 9 1833 122 1916; x_wconf 81' lang='lat' dir='ltr'>insanna,</span> <span class='ocrx_word' id='word_1_134' title='bbox 160 1836 212 1902; x_wconf 89' lang='lat'>10.</span> <span class='ocrx_word' id='word_1_135' title='bbox 240 1835 445 1916; x_wconf 83' lang='lat' dir='ltr'>Benedictus,</span> <span class='ocrx_word' id='word_1_136' title='bbox 468 1842 524 1926; x_wconf 90' lang='lat' dir='ltr'>qui</span> <span class='ocrx_word' id='word_1_137' title='bbox 544 1840 633 1904; x_wconf 89' lang='lat' dir='ltr'>reuit</span> <span class='ocrx_word' id='word_1_138' title='bbox 654 1840 688 1903; x_wconf 90' lang='lat' dir='ltr'>in</span> <span class='ocrx_word' id='word_1_139' title='bbox 708 1839 839 1904; x_wconf 85' lang='lat' dir='ltr'>nomine</span> <span class='ocrx_word' id='word_1_140' title='bbox 859 1838 1007 1904; x_wconf 75' lang='lat' dir='ltr'>marrini:</span> <span class='ocrx_word' id='word_1_141' title='bbox 1039 1838 1098 1906; x_wconf 86' lang='lat' dir='ltr'>ba-</span> 
     </span>
     <span class='ocr_line' id='line_1_17' title="bbox 9 1935 1097 2030; baseline 0.008 -30"><span class='ocrx_word' id='word_1_142' title='bbox 9 1935 127 2015; x_wconf 82' lang='lat' dir='ltr'>edietnrn,</span> <span class='ocrx_word' id='word_1_143' title='bbox 149 1937 238 2026; x_wconf 91' lang='lat' dir='ltr'>quod</span> <span class='ocrx_word' id='word_1_144' title='bbox 260 1941 348 2004; x_wconf 84' lang='lat' dir='ltr'>venit</span> <span class='ocrx_word' id='word_1_145' title='bbox 369 1959 503 2025; x_wconf 79' lang='lat' dir='ltr'>regnunt</span> <span class='ocrx_word' id='word_1_146' title='bbox 526 1943 561 2010; x_wconf 91' lang='lat' dir='ltr'>in</span> <span class='ocrx_word' id='word_1_147' title='bbox 581 1943 713 2008; x_wconf 84' lang='lat' dir='ltr'>nourine</span> <span class='ocrx_word' id='word_1_148' title='bbox 725 1939 858 2006; x_wconf 88' lang='lat' dir='ltr'>Domini</span> <span class='ocrx_word' id='word_1_149' title='bbox 879 1944 978 2030; x_wconf 82' lang='lat' dir='ltr'>patria</span> <span class='ocrx_word' id='word_1_150' title='bbox 993 1943 1097 2009; x_wconf 86' lang='lat' dir='ltr'>nostri</span> 
     </span>
     <span class='ocr_line' id='line_1_18' title="bbox 9 2039 499 2122; baseline 0.01 -19"><span class='ocrx_word' id='word_1_151' title='bbox 9 2039 82 2122; x_wconf 77' lang='lat' dir='ltr'>iarid,</span> <span class='ocrx_word' id='word_1_152' title='bbox 100 2041 251 2110; x_wconf 86' lang='lat' dir='ltr'>Hosanna</span> <span class='ocrx_word' id='word_1_153' title='bbox 272 2042 308 2108; x_wconf 90' lang='lat' dir='ltr'>in</span> <span class='ocrx_word' id='word_1_154' title='bbox 328 2040 499 2108; x_wconf 80' lang='lat' dir='ltr'>altissimis.</span> 
     </span>
    </p>
   </div>
   <div class='ocr_carea' id='block_1_4' title="bbox 9 2259 1146 4096">
    <p class='ocr_par' dir='ltr' id='par_1_4' title="bbox 9 2259 1146 4096">
     <span class='ocr_line' id='line_1_19' title="bbox 55 2259 1094 2350; baseline 0.003 -22"><span class='ocrx_word' id='word_1_155' title='bbox 55 2259 141 2332; x_wconf 78' lang='lat' dir='ltr'>LUC</span> <span class='ocrx_word' id='word_1_156' title='bbox 162 2263 247 2330; x_wconf 78' lang='lat' dir='ltr'><strong>xlx.</strong></span> <span class='ocrx_word' id='word_1_157' title='bbox 296 2261 349 2329; x_wconf 75' lang='grc'><strong>29.</strong></span> <span class='ocrx_word' id='word_1_158' title='bbox 385 2263 428 2330; x_wconf 88' lang='lat' dir='ltr'>Et</span> <span class='ocrx_word' id='word_1_159' title='bbox 452 2259 567 2328; x_wconf 86' lang='lat' dir='ltr'>iactum</span> <span class='ocrx_word' id='word_1_160' title='bbox 591 2271 653 2342; x_wconf 89' lang='lat' dir='ltr'>est,</span> <span class='ocrx_word' id='word_1_161' title='bbox 681 2281 780 2350; x_wconf 92' lang='lat' dir='ltr'>quurn</span> <span class='ocrx_word' id='word_1_162' title='bbox 803 2263 1094 2350; x_wconf 81' lang='lat' dir='ltr'>appropinquasset</span> 
     </span>
     <span class='ocr_line' id='line_1_20' title="bbox 9 2361 1096 2456; baseline 0.006 -31"><span class='ocrx_word' id='word_1_163' title='bbox 9 2361 27 2428; x_wconf 82' lang='lat' dir='ltr'>d</span> <span class='ocrx_word' id='word_1_164' title='bbox 40 2365 202 2456; x_wconf 75' lang='lat' dir='ltr'>bethphage</span> <span class='ocrx_word' id='word_1_165' title='bbox 232 2376 265 2432; x_wconf 87' lang='lat' dir='ltr'>et</span> <span class='ocrx_word' id='word_1_166' title='bbox 285 2363 473 2432; x_wconf 88' lang='lat' dir='ltr'>Bethaniarn</span> <span class='ocrx_word' id='word_1_167' title='bbox 497 2369 582 2432; x_wconf 80' lang='lat' dir='ltr'>iuxta</span> <span class='ocrx_word' id='word_1_168' title='bbox 605 2375 760 2442; x_wconf 78' lang='lat' dir='ltr'>montena,</span> <span class='ocrx_word' id='word_1_169' title='bbox 789 2368 845 2452; x_wconf 90' lang='lat' dir='ltr'>qui</span> <span class='ocrx_word' id='word_1_170' title='bbox 867 2376 1000 2432; x_wconf 87' lang='lat' dir='ltr'>vocatur</span> <span class='ocrx_word' id='word_1_171' title='bbox 1024 2365 1096 2434; x_wconf 87' lang='lat' dir='ltr'>ott-</span> 
     </span>
     <span class='ocr_line' id='line_1_21' title="bbox 10 2465 1097 2555; baseline 0.001 -23"><span class='ocrx_word' id='word_1_172' title='bbox 10 2485 89 2548; x_wconf 85' lang='lat' dir='ltr'>nrnn,</span> <span class='ocrx_word' id='word_1_173' title='bbox 109 2473 188 2536; x_wconf 82' lang='lat' dir='ltr'>misit</span> <span class='ocrx_word' id='word_1_174' title='bbox 210 2468 296 2534; x_wconf 87' lang='lat' dir='ltr'>duos</span> <span class='ocrx_word' id='word_1_175' title='bbox 319 2467 498 2555; x_wconf 86' lang='lat' dir='ltr'>discipulos</span> <span class='ocrx_word' id='word_1_176' title='bbox 520 2489 608 2534; x_wconf 84' lang='lat' dir='ltr'>suos.</span> <span class='ocrx_word' id='word_1_177' title='bbox 673 2467 726 2532; x_wconf 86' lang='grc'>30.</span> <span class='ocrx_word' id='word_1_178' title='bbox 769 2465 1097 2544; x_wconf 86' lang='lat' dir='ltr'>Dicens,1teinen·</span> 
     </span>
     <span class='ocr_line' id='line_1_22' title="bbox 10 2567 1146 2658; baseline 0.006 -29"><span class='ocrx_word' id='word_1_179' title='bbox 10 2567 105 2651; x_wconf 84' lang='lat' dir='ltr'>tettan,</span> <span class='ocrx_word' id='word_1_180' title='bbox 133 2571 222 2658; x_wconf 92' lang='lat' dir='ltr'>quod</span> <span class='ocrx_word' id='word_1_181' title='bbox 252 2580 300 2638; x_wconf 87' lang='lat' dir='ltr'>est</span> <span class='ocrx_word' id='word_1_182' title='bbox 322 2591 340 2636; x_wconf 88' lang='lat' dir='ltr'>c</span> <span class='ocrx_word' id='word_1_183' title='bbox 362 2571 508 2658; x_wconf 82' lang='lat' dir='ltr'>regione:</span> <span class='ocrx_word' id='word_1_184' title='bbox 547 2579 578 2635; x_wconf 90' lang='lat' dir='ltr'>et</span> <span class='ocrx_word' id='word_1_185' title='bbox 600 2572 796 2634; x_wconf 87' lang='lat' dir='ltr'>introeuntes</span> <span class='ocrx_word' id='word_1_186' title='bbox 819 2568 906 2650; x_wconf 87' lang='lat' dir='ltr'>illuc,</span> <span class='ocrx_word' id='word_1_187' title='bbox 926 2567 1102 2636; x_wconf 80' lang='lat' dir='ltr'>invenietis</span> <span class='ocrx_word' id='word_1_188' title='bbox 1141 2569 1146 2582; x_wconf 76' lang='grc'><em>“</em></span> 
     </span>
     <span class='ocr_line' id='line_1_23' title="bbox 10 2669 1097 2762; baseline 0.004 -28"><span class='ocrx_word' id='word_1_189' title='bbox 10 2669 86 2738; x_wconf 81' lang='lat' dir='ltr'>elluo</span> <span class='ocrx_word' id='word_1_190' title='bbox 105 2673 275 2762; x_wconf 75' lang='lat' dir='ltr'>alligatum,</span> <span class='ocrx_word' id='word_1_191' title='bbox 295 2673 331 2740; x_wconf 90' lang='lat' dir='ltr'>in</span> <span class='ocrx_word' id='word_1_192' title='bbox 354 2695 421 2761; x_wconf 90' lang='lat' dir='ltr'>quo</span> <span class='ocrx_word' id='word_1_193' title='bbox 443 2694 539 2740; x_wconf 84' lang='lat' dir='ltr'>neure</span> <span class='ocrx_word' id='word_1_194' title='bbox 561 2693 701 2759; x_wconf 91' lang='lat' dir='ltr'>unquam</span> <span class='ocrx_word' id='word_1_195' title='bbox 724 2672 892 2738; x_wconf 88' lang='lat' dir='ltr'>bominum</span> <span class='ocrx_word' id='word_1_196' title='bbox 913 2672 1008 2738; x_wconf 88' lang='lat' dir='ltr'>sedit:</span> <span class='ocrx_word' id='word_1_197' title='bbox 1031 2671 1097 2738; x_wconf 82' lang='lat' dir='ltr'>aoi-</span> 
     </span>
     <span class='ocr_line' id='line_1_24' title="bbox 10 2771 1097 2862; baseline 0.006 -28"><span class='ocrx_word' id='word_1_198' title='bbox 10 2771 42 2836; x_wconf 89' lang='lat' dir='ltr'>ite</span> <span class='ocrx_word' id='word_1_199' title='bbox 58 2775 150 2856; x_wconf 81' lang='lat' dir='ltr'>iiluna,</span> <span class='ocrx_word' id='word_1_200' title='bbox 177 2786 209 2842; x_wconf 92' lang='lat' dir='ltr'>et</span> <span class='ocrx_word' id='word_1_201' title='bbox 231 2774 391 2842; x_wconf 78' lang='lat' dir='ltr'>adducite.</span> <span class='ocrx_word' id='word_1_202' title='bbox 454 2775 508 2845; x_wconf 82' lang='lat'>31.</span> <span class='ocrx_word' id='word_1_203' title='bbox 550 2776 593 2842; x_wconf 88' lang='lat' dir='ltr'>Et</span> <span class='ocrx_word' id='word_1_204' title='bbox 616 2777 642 2839; x_wconf 88' lang='lat' dir='ltr'>si</span> <span class='ocrx_word' id='word_1_205' title='bbox 665 2775 737 2862; x_wconf 85' lang='lat' dir='ltr'>quia</span> <span class='ocrx_word' id='word_1_206' title='bbox 758 2794 819 2840; x_wconf 84' lang='lat' dir='ltr'>vos</span> <span class='ocrx_word' id='word_1_207' title='bbox 843 2775 1097 2862; x_wconf 83' lang='lat' dir='ltr'>interrogaverit,</span> 
     </span>
     <span class='ocr_line' id='line_1_25' title="bbox 10 2875 1097 2966; baseline 0.009 -32"><span class='ocrx_word' id='word_1_208' title='bbox 10 2895 68 2956; x_wconf 81' lang='lat' dir='ltr'>pare</span> <span class='ocrx_word' id='word_1_209' title='bbox 87 2877 221 2956; x_wconf 84' lang='lat' dir='ltr'>solvitis,</span> <span class='ocrx_word' id='word_1_210' title='bbox 249 2879 296 2944; x_wconf 86' lang='lat' dir='ltr'>sic</span> <span class='ocrx_word' id='word_1_211' title='bbox 318 2877 429 2944; x_wconf 88' lang='lat' dir='ltr'>dicetis</span> <span class='ocrx_word' id='word_1_212' title='bbox 453 2881 497 2958; x_wconf 86' lang='lat' dir='ltr'>ei,</span> <span class='ocrx_word' id='word_1_213' title='bbox 530 2875 615 2964; x_wconf 87' lang='lat' dir='ltr'>Quia</span> <span class='ocrx_word' id='word_1_214' title='bbox 636 2875 799 2944; x_wconf 87' lang='lat' dir='ltr'>Dorninus</span> <span class='ocrx_word' id='word_1_215' title='bbox 822 2896 862 2943; x_wconf 91' lang='lat' dir='ltr'>eo</span> <span class='ocrx_word' id='word_1_216' title='bbox 885 2899 970 2966; x_wconf 88' lang='lat' dir='ltr'>opus</span> <span class='ocrx_word' id='word_1_217' title='bbox 992 2875 1097 2944; x_wconf 88' lang='lat' dir='ltr'>babet.</span> 
     </span>
     <span class='ocr_line' id='line_1_26' title="bbox 10 2973 1098 3067; baseline -0.002 -21"><span class='ocrx_word' id='word_1_218' title='bbox 10 2973 32 3038; x_wconf 59' lang='lat' dir='ltr'>b</span> <span class='ocrx_word' id='word_1_219' title='bbox 69 2978 217 3050; x_wconf 75' lang='lat' dir='ltr'>Abierant</span> <span class='ocrx_word' id='word_1_220' title='bbox 251 2992 369 3060; x_wconf 88' lang='lat' dir='ltr'>antem,</span> <span class='ocrx_word' id='word_1_221' title='bbox 399 2983 456 3067; x_wconf 91' lang='lat' dir='ltr'>qui</span> <span class='ocrx_word' id='word_1_222' title='bbox 483 2981 570 3046; x_wconf 85' lang='lat' dir='ltr'>misai</span> <span class='ocrx_word' id='word_1_223' title='bbox 598 2989 703 3059; x_wconf 89' lang='lat' dir='ltr'>erant,</span> <span class='ocrx_word' id='word_1_224' title='bbox 737 2989 769 3044; x_wconf 87' lang='lat' dir='ltr'>et</span> <span class='ocrx_word' id='word_1_225' title='bbox 795 2981 988 3044; x_wconf 86' lang='lat' dir='ltr'>invenerunt</span> <span class='ocrx_word' id='word_1_226' title='bbox 1014 2981 1098 3044; x_wconf 79' lang='lat' dir='ltr'>siout</span> 
     </span>
     <span class='ocr_line' id='line_1_27' title="bbox 10 3073 1099 3168; baseline 0.002 -26"><span class='ocrx_word' id='word_1_227' title='bbox 10 3073 85 3144; x_wconf 78' lang='lat' dir='ltr'>beru</span> <span class='ocrx_word' id='word_1_228' title='bbox 106 3083 177 3152; x_wconf 82' lang='lat' dir='ltr'>iiiia.</span> <span class='ocrx_word' id='word_1_229' title='bbox 233 3084 288 3149; x_wconf 89' lang='grc'>33.</span> <span class='ocrx_word' id='word_1_230' title='bbox 332 3081 541 3150; x_wconf 80' lang='lat' dir='ltr'>Solventibua</span> <span class='ocrx_word' id='word_1_231' title='bbox 564 3080 754 3147; x_wconf 82' lang='lat' dir='ltr'>autemillis</span> <span class='ocrx_word' id='word_1_232' title='bbox 782 3078 922 3168; x_wconf 85' lang='lat' dir='ltr'>pullum,</span> <span class='ocrx_word' id='word_1_233' title='bbox 952 3077 1099 3144; x_wconf 85' lang='lat' dir='ltr'>dixerunt</span> 
     </span>
     <span class='ocr_line' id='line_1_28' title="bbox 11 3171 1099 3272; baseline 0.006 -36"><span class='ocrx_word' id='word_1_234' title='bbox 11 3171 87 3249; x_wconf 77' lang='lat' dir='ltr'>tatuini</span> <span class='ocrx_word' id='word_1_235' title='bbox 108 3188 175 3253; x_wconf 89' lang='lat' dir='ltr'>eins</span> <span class='ocrx_word' id='word_1_236' title='bbox 198 3185 241 3254; x_wconf 87' lang='lat' dir='ltr'>ad</span> <span class='ocrx_word' id='word_1_237' title='bbox 265 3185 349 3264; x_wconf 85' lang='lat' dir='ltr'>illos,</span> <span class='ocrx_word' id='word_1_238' title='bbox 373 3183 483 3272; x_wconf 86' lang='lat' dir='ltr'>Quare</span> <span class='ocrx_word' id='word_1_239' title='bbox 506 3181 631 3251; x_wconf 88' lang='lat' dir='ltr'>solvitis</span> <span class='ocrx_word' id='word_1_240' title='bbox 654 3181 798 3270; x_wconf 84' lang='lat' dir='ltr'>pullum?</span> <span class='ocrx_word' id='word_1_241' title='bbox 840 3179 893 3246; x_wconf 80' lang='grc'>34.</span> <span class='ocrx_word' id='word_1_242' title='bbox 915 3181 957 3245; x_wconf 76' lang='lat' dir='ltr'>At</span> <span class='ocrx_word' id='word_1_243' title='bbox 979 3177 1027 3244; x_wconf 91' lang='lat' dir='ltr'>illi</span> <span class='ocrx_word' id='word_1_244' title='bbox 1050 3177 1099 3244; x_wconf 89' lang='lat' dir='ltr'>di·</span> 
     </span>
     <span class='ocr_line' id='line_1_29' title="bbox 11 3279 1098 3374; baseline -0.006 -23"><span class='ocrx_word' id='word_1_245' title='bbox 11 3299 93 3364; x_wconf 74' lang='lat' dir='ltr'>sunt,</span> <span class='ocrx_word' id='word_1_246' title='bbox 116 3289 279 3356; x_wconf 84' lang='lat' dir='ltr'>Dominus</span> <span class='ocrx_word' id='word_1_247' title='bbox 301 3309 341 3354; x_wconf 91' lang='lat' dir='ltr'>eo</span> <span class='ocrx_word' id='word_1_248' title='bbox 364 3307 448 3374; x_wconf 91' lang='lat' dir='ltr'>opus</span> <span class='ocrx_word' id='word_1_249' title='bbox 471 3285 575 3352; x_wconf 89' lang='lat' dir='ltr'>babet.</span> <span class='ocrx_word' id='word_1_250' title='bbox 618 3285 672 3348; x_wconf 80' lang='grc'>35.</span> <span class='ocrx_word' id='word_1_251' title='bbox 698 3285 742 3351; x_wconf 88' lang='lat' dir='ltr'>Et</span> <span class='ocrx_word' id='word_1_252' title='bbox 763 3281 922 3348; x_wconf 77' lang='lat' dir='ltr'>duxerunt</span> <span class='ocrx_word' id='word_1_253' title='bbox 944 3281 1034 3346; x_wconf 82' lang='lat' dir='ltr'>ilium</span> <span class='ocrx_word' id='word_1_254' title='bbox 1056 3279 1098 3344; x_wconf 92' lang='lat' dir='ltr'>ad</span> 
     </span>
     <span class='ocr_line' id='line_1_30' title="bbox 11 3384 1100 3474; baseline -0.006 -21"><span class='ocrx_word' id='word_1_255' title='bbox 11 3401 83 3452; x_wconf 66' lang='lat' dir='ltr'>nnn:</span> <span class='ocrx_word' id='word_1_256' title='bbox 102 3401 131 3456; x_wconf 86' lang='lat' dir='ltr'>et</span> <span class='ocrx_word' id='word_1_257' title='bbox 151 3394 278 3458; x_wconf 85' lang='lat' dir='ltr'>iniectis</span> <span class='ocrx_word' id='word_1_258' title='bbox 292 3392 493 3455; x_wconf 76' lang='lat' dir='ltr'>&#39;vestimentis</span> <span class='ocrx_word' id='word_1_259' title='bbox 516 3391 583 3454; x_wconf 85' lang='lat' dir='ltr'>suis</span> <span class='ocrx_word' id='word_1_260' title='bbox 605 3407 703 3474; x_wconf 90' lang='lat' dir='ltr'>super</span> <span class='ocrx_word' id='word_1_261' title='bbox 723 3384 857 3474; x_wconf 89' lang='lat' dir='ltr'>pultum,</span> <span class='ocrx_word' id='word_1_262' title='bbox 880 3385 1100 3470; x_wconf 85' lang='lat' dir='ltr'>imposuerunt</span> 
     </span>
     <span class='ocr_line' id='line_1_31' title="bbox 11 3486 1100 3564; baseline -0.012 -3"><span class='ocrx_word' id='word_1_263' title='bbox 11 3503 82 3556; x_wconf 62' lang='lat' dir='ltr'>“um-</span> <span class='ocrx_word' id='word_1_264' title='bbox 120 3495 171 3561; x_wconf 83' lang='lat'>36.</span> <span class='ocrx_word' id='word_1_265' title='bbox 193 3497 300 3564; x_wconf 86' lang='lat' dir='ltr'>Eunte</span> <span class='ocrx_word' id='word_1_266' title='bbox 323 3503 427 3558; x_wconf 84' lang='lat' dir='ltr'>autern</span> <span class='ocrx_word' id='word_1_267' title='bbox 451 3513 490 3558; x_wconf 90' lang='lat' dir='ltr'>eo</span> <span class='ocrx_word' id='word_1_268' title='bbox 513 3487 759 3556; x_wconf 86' lang='lat' dir='ltr'>substernebant</span> <span class='ocrx_word' id='word_1_269' title='bbox 781 3487 968 3552; x_wconf 88' lang='lat' dir='ltr'>vestimenta</span> <span class='ocrx_word' id='word_1_270' title='bbox 986 3507 1043 3550; x_wconf 89' lang='lat' dir='ltr'>sua</span> <span class='ocrx_word' id='word_1_271' title='bbox 1066 3486 1100 3548; x_wconf 90' lang='lat' dir='ltr'>iu</span> 
     </span>
     <span class='ocr_line' id='line_1_32' title="bbox 11 3587 1100 3684; baseline -0.01 -26"><span class='ocrx_word' id='word_1_272' title='bbox 11 3587 39 3650; x_wconf 61' lang='lat' dir='ltr'>b·</span> <span class='ocrx_word' id='word_1_273' title='bbox 72 3596 119 3662; x_wconf 82' lang='lat'>37.</span> <span class='ocrx_word' id='word_1_274' title='bbox 144 3599 185 3664; x_wconf 87' lang='lat' dir='ltr'>Et</span> <span class='ocrx_word' id='word_1_275' title='bbox 206 3617 306 3684; x_wconf 90' lang='lat' dir='ltr'>quurn</span> <span class='ocrx_word' id='word_1_276' title='bbox 328 3597 601 3682; x_wconf 88' lang='lat' dir='ltr'>appropinquaret</span> <span class='ocrx_word' id='word_1_277' title='bbox 623 3595 684 3656; x_wconf 88' lang='lat' dir='ltr'>ianr</span> <span class='ocrx_word' id='word_1_278' title='bbox 707 3589 747 3656; x_wconf 91' lang='lat' dir='ltr'>ad</span> <span class='ocrx_word' id='word_1_279' title='bbox 770 3589 960 3655; x_wconf 84' lang='lat' dir='ltr'>descensum</span> <span class='ocrx_word' id='word_1_280' title='bbox 983 3588 1100 3652; x_wconf 87' lang='lat' dir='ltr'>ruentis</span> 
     </span>
     <span class='ocr_line' id='line_1_33' title="bbox 11 3681 1102 3786; baseline 0.005 -40"><span class='ocrx_word' id='word_1_281' title='bbox 11 3681 146 3776; x_wconf 80' lang='lat' dir='ltr'>tlirarurn,</span> <span class='ocrx_word' id='word_1_282' title='bbox 173 3708 348 3786; x_wconf 88' lang='lat' dir='ltr'>coeperunt</span> <span class='ocrx_word' id='word_1_283' title='bbox 376 3699 480 3762; x_wconf 87' lang='lat' dir='ltr'>omnis</span> <span class='ocrx_word' id='word_1_284' title='bbox 507 3694 677 3759; x_wconf 84' lang='lat' dir='ltr'>nnrttitudo</span> <span class='ocrx_word' id='word_1_285' title='bbox 706 3691 938 3778; x_wconf 87' lang='lat' dir='ltr'>discipulorum</span> <span class='ocrx_word' id='word_1_286' title='bbox 960 3686 1102 3775; x_wconf 82' lang='lat' dir='ltr'>gauden-</span> 
     </span>
     <span class='ocr_line' id='line_1_34' title="bbox 12 3789 1103 3884; baseline -0.009 -21"><span class='ocrx_word' id='word_1_287' title='bbox 12 3793 160 3868; x_wconf 70' lang='lat' dir='ltr'>tslaudare</span> <span class='ocrx_word' id='word_1_288' title='bbox 180 3802 287 3868; x_wconf 86' lang='lat' dir='ltr'>Deum</span> <span class='ocrx_word' id='word_1_289' title='bbox 308 3822 389 3866; x_wconf 85' lang='lat' dir='ltr'>voce</span> <span class='ocrx_word' id='word_1_290' title='bbox 410 3820 522 3884; x_wconf 75' lang='lat' dir='ltr'>magna</span> <span class='ocrx_word' id='word_1_291' title='bbox 544 3818 643 3882; x_wconf 88' lang='lat' dir='ltr'>super</span> <span class='ocrx_word' id='word_1_292' title='bbox 665 3792 824 3870; x_wconf 79' lang='lat' dir='ltr'>erunibus,</span> <span class='ocrx_word' id='word_1_293' title='bbox 845 3814 925 3880; x_wconf 85' lang='lat' dir='ltr'>quas</span> <span class='ocrx_word' id='word_1_294' title='bbox 948 3789 1103 3856; x_wconf 84' lang='lat' dir='ltr'>videbant</span> 
     </span>
     <span class='ocr_line' id='line_1_35' title="bbox 12 3891 1103 3982; baseline 0.002 -26"><span class='ocrx_word' id='word_1_295' title='bbox 12 3891 142 3968; x_wconf 59' lang='lat' dir='ltr'>‘inutibna</span> <span class='ocrx_word' id='word_1_296' title='bbox 202 3903 255 3968; x_wconf 86' lang='grc'>38.</span> <span class='ocrx_word' id='word_1_297' title='bbox 298 3903 469 3978; x_wconf 84' lang='lat' dir='ltr'>Dicentes,</span> <span class='ocrx_word' id='word_1_298' title='bbox 491 3897 701 3974; x_wconf 85' lang='lat' dir='ltr'>Benedictus,</span> <span class='ocrx_word' id='word_1_299' title='bbox 723 3897 781 3982; x_wconf 92' lang='lat' dir='ltr'>qni</span> <span class='ocrx_word' id='word_1_300' title='bbox 800 3897 891 3960; x_wconf 83' lang='lat' dir='ltr'>venit</span> <span class='ocrx_word' id='word_1_301' title='bbox 912 3914 969 3960; x_wconf 84' lang='lat' dir='ltr'>rex</span> <span class='ocrx_word' id='word_1_302' title='bbox 989 3893 1024 3958; x_wconf 88' lang='lat' dir='ltr'>in</span> <span class='ocrx_word' id='word_1_303' title='bbox 1042 3909 1103 3958; x_wconf 88' lang='lat' dir='ltr'>nn·</span> 
     </span>
     <span class='ocr_line' id='line_1_36' title="bbox 12 3995 909 4096; baseline -0.009 -29"><span class='ocrx_word' id='word_1_304' title='bbox 12 3995 60 4062; x_wconf 71' lang='lat' dir='ltr'>nn</span> <span class='ocrx_word' id='word_1_305' title='bbox 77 4003 220 4072; x_wconf 81' lang='lat' dir='ltr'>Domini:</span> <span class='ocrx_word' id='word_1_306' title='bbox 243 4025 306 4096; x_wconf 83' lang='lat' dir='ltr'>par</span> <span class='ocrx_word' id='word_1_307' title='bbox 326 4007 361 4070; x_wconf 91' lang='lat' dir='ltr'>in</span> <span class='ocrx_word' id='word_1_308' title='bbox 384 4001 486 4084; x_wconf 89' lang='lat' dir='ltr'>coelo,</span> <span class='ocrx_word' id='word_1_309' title='bbox 508 4010 540 4066; x_wconf 87' lang='lat' dir='ltr'>et</span> <span class='ocrx_word' id='word_1_310' title='bbox 560 3998 661 4088; x_wconf 82' lang='lat' dir='ltr'>gioria</span> <span class='ocrx_word' id='word_1_311' title='bbox 683 4001 717 4064; x_wconf 90' lang='lat' dir='ltr'>iu</span> <span class='ocrx_word' id='word_1_312' title='bbox 737 3996 909 4062; x_wconf 81' lang='lat' dir='ltr'>altissimis.</span> 
     </span>
    </p>
   </div>
   <div class='ocr_carea' id='block_1_5' title="bbox 13 4220 1151 4454">
    <p class='ocr_par' dir='ltr' id='par_1_5' title="bbox 13 4220 1151 4454">
     <span class='ocr_line' id='line_1_37' title="bbox 54 4220 1151 4324; baseline -0.019 -22"><span class='ocrx_word' id='word_1_313' title='bbox 54 4233 193 4322; x_wconf 79' lang='lat' dir='ltr'>Nonquia</span> <span class='ocrx_word' id='word_1_314' title='bbox 211 4263 245 4302; x_wconf 82' lang='lat' dir='ltr'>ex</span> <span class='ocrx_word' id='word_1_315' title='bbox 264 4241 366 4304; x_wconf 85' lang='lat' dir='ltr'>itinere</span> <span class='ocrx_word' id='word_1_316' title='bbox 385 4237 474 4299; x_wconf 84' lang='lat' dir='ltr'>sessus</span> <span class='ocrx_word' id='word_1_317' title='bbox 494 4245 579 4310; x_wconf 79' lang='lat' dir='ltr'>esset,</span> <span class='ocrx_word' id='word_1_318' title='bbox 605 4235 713 4298; x_wconf 85' lang='lat' dir='ltr'>asinum</span> <span class='ocrx_word' id='word_1_319' title='bbox 731 4230 784 4324; x_wconf 69' lang='lat' dir='ltr'>spbi</span> <span class='ocrx_word' id='word_1_320' title='bbox 804 4225 931 4293; x_wconf 83' lang='lat' dir='ltr'>Christus</span> <span class='ocrx_word' id='word_1_321' title='bbox 947 4241 1003 4318; x_wconf 82' lang='lat' dir='ltr'>per</span> <span class='ocrx_word' id='word_1_322' title='bbox 1020 4220 1104 4283; x_wconf 80' lang='lat' dir='ltr'>dicei·</span> <span class='ocrx_word' id='word_1_323' title='bbox 1147 4243 1151 4250; x_wconf 91' lang='lat'><strong>·</strong></span> 
     </span>
     <span class='ocr_line' id='line_1_38' title="bbox 13 4301 1104 4394; baseline -0.01 -23"><span class='ocrx_word' id='word_1_324' title='bbox 13 4301 190 4394; x_wconf 66' lang='lat' dir='ltr'>intercessu,</span> <span class='ocrx_word' id='word_1_325' title='bbox 210 4319 257 4380; x_wconf 84' lang='lat' dir='ltr'>sed</span> <span class='ocrx_word' id='word_1_326' title='bbox 278 4319 307 4378; x_wconf 88' lang='lat' dir='ltr'>in</span> <span class='ocrx_word' id='word_1_327' title='bbox 326 4317 411 4378; x_wconf 86' lang='lat' dir='ltr'>aliurn</span> <span class='ocrx_word' id='word_1_328' title='bbox 431 4313 529 4372; x_wconf 86' lang='lat' dir='ltr'>finem:</span> <span class='ocrx_word' id='word_1_329' title='bbox 549 4333 614 4373; x_wconf 80' lang='lat' dir='ltr'>uana</span> <span class='ocrx_word' id='word_1_330' title='bbox 633 4331 721 4393; x_wconf 88' lang='lat' dir='ltr'>quum</span> <span class='ocrx_word' id='word_1_331' title='bbox 739 4317 855 4369; x_wconf 79' lang='lat' dir='ltr'>enataret</span> <span class='ocrx_word' id='word_1_332' title='bbox 869 4314 969 4364; x_wconf 84' lang='lat' dir='ltr'>mortu</span> <span class='ocrx_word' id='word_1_333' title='bbox 985 4313 1104 4380; x_wconf 81' lang='lat' dir='ltr'>ternpus,</span> 
     </span>
     <span class='ocr_line' id='line_1_39' title="bbox 22 4381 905 4454; baseline -0.016 2"><span class='ocrx_word' id='word_1_334' title='bbox 22 4395 88 4446; x_wconf 63' lang='lat' dir='ltr'>‘aba</span> <span class='ocrx_word' id='word_1_335' title='bbox 100 4405 342 4454; x_wconf 64' lang='lat' dir='ltr'>omnes-nam.</span> <span class='ocrx_word' id='word_1_336' title='bbox 357 4407 399 4452; x_wconf 73' lang='lat' dir='ltr'>nv.</span> <span class='ocrx_word' id='word_1_337' title='bbox 421 4403 513 4448; x_wconf 66' lang='lat' dir='ltr'>ectu.</span> <span class='ocrx_word' id='word_1_338' title='bbox 866 4381 905 4443; x_wconf 87' lang='grc'><strong>13</strong></span> 
     </span>
    </p>
   </div>
   <div class='ocr_carea' id='block_1_6' title="bbox 0 0 1259 4852">
    <p class='ocr_par' dir='ltr' id='par_1_6' title="bbox 0 0 1259 4852">
     <span class='ocr_line' id='line_1_40' title="bbox 0 0 1259 4852; baseline 0 0"><span class='ocrx_word' id='word_1_339' title='bbox 0 0 1259 4852; x_wconf 95' lang='lat' dir='ltr'> </span> 
     </span>
    </p>
   </div>
  </div>
 </body>
</html>
