2678 4860
288 180 475 327 (ἏῙὸ-υᾋ
505 178 635 252 Christus
654 177 797 266 ‹liscipulis
816 183 980 280 appareti
1130 187 1187 248 tua

128 333 178 396 38.
220 331 302 408 Quid
319 333 441 391 turbati
456 335 552 390 estis?
587 333 640 404 llis
659 333 752 404 uerbis
772 345 925 396 mouentur
942 355 959 397 a
977 344 1088 397 terrore
1107 333 1186 396 oolli-

41 429 122 504 βενε
145 418 257 470 mentes
276 429 352 481 saras,
375 417 408 467 ιιι
432 429 496 468 rere
518 420 548 466 ιο
571 429 704 468 sensnum
729 408 830 492 vigore
853 413 888 472 de
912 432 943 470 re
969 409 1021 472 sibi
1041 411 1186 492 comperta

41 487 187 546 indicent.
223 484 317 560 Quam
338 484 385 544 nin
406 485 480 544 eninr
498 429 628 544 liumines
649 497 770 565 occupat
788 487 972 568 perturbatio,
992 488 1020 546 in
1040 487 1103 548 luce
1127 511 1185 549 nra-

41 563 155 622 nitens
175 560 348 628 eueetrtiunt,
386 561 464 642 Ergo
483 572 514 620 ut
535 572 638 620 sertam
659 562 787 621 notitiam
808 563 968 644 concipiant
986 563 1120 644 discipali,
1142 565 1184 624 in·

41 639 160 699 bentur-
177 658 237 696 rem
259 637 359 696 sedatis
379 647 408 696 et
427 636 590 716 compositis
610 637 708 703 arrianis
732 641 899 732 experulere.
939 641 1073 701 Sectrndo
1094 647 1183 699 mein·

41 713 105 774 bro
127 713 255 776 Christus
272 713 344 773 aliud
366 713 467 774 vitium
485 713 617 800 castigat,
641 715 720 794 quud·
734 713 842 776 scilieet
859 715 1023 776 alternando
1043 717 1117 776 inter
1136 737 1184 777 va-

40 791 106 852 rias
131 789 318 872 cogitationes
344 809 374 850 se
402 790 478 868 ipsos
503 790 664 880 impediant.
703 791 781 850 Dicit
798 804 905 866 antem,
930 795 1087 854 ascendere
1106 797 1182 874 eugi-

41 869 196 940 tutr'unea,
213 865 373 948 significans
393 865 452 926 reri
473 865 600 924 notitiam
621 866 654 938 in,
670 865 737 946 ipsis
756 868 820 928 ideo
838 868 985 945 suffocari,
1010 882 1042 930 ut
1061 869 1183 930 videndo

41 965 111 1004 uun
133 942 256 1003 rideant:
288 941 351 1022 qula
371 961 432 1014 nou
450 941 585 1002 cohibent
603 963 749 1022 pamerras
768 943 995 1028 imaginationes,
1019 947 1068 1014 sed
1088 946 1184 1026 potius

42 1041 166 1082 cursum
189 1017 240 1080 illis
263 1017 394 1091 laxando,
417 1018 446 1078 in
469 1017 562 1078 locum
586 1019 764 1100 superiorem
784 1020 926 1093 attollunt.
965 1025 1002 1082 ltt
1025 1034 1103 1088 certe
1130 1041 1182 1083 nos

42 1098 106 1156 buc
136 1095 219 1154 nimis
239 1115 337 1154 verum
358 1113 422 1154 esse
439 1095 611 1172 experimur,
629 1095 871 1173 'quemadnntlum
895 1097 1029 1174 nebulae,
1053 1099 1077 1170 si
1100 1115 1183 1160 mane

40 1193 182 1234 serentun
202 1169 288 1231 luerit
312 1169 437 1244 eoelum,
462 1191 570 1230 sursum
592 1170 681 1230 elatae
700 1171 800 1233 claram
820 1174 886 1232 solis
906 1173 998 1234 luteum
1022 1173 1181 1248 obscuram,

40 1251 83 1310 ita
106 1247 173 1307 darm
198 1247 300 1307 nostris
320 1245 475 1314 rationibus
494 1245 575 1306 nimis
599 1246 689 1308 libere
706 1259 804 1308 eontra
825 1248 880 1310 oei
899 1249 1017 1320 verbum
1035 1249 1183 1330 insurgere
1294 1285 1297 1294 ι

39 1324 246 1406 permittimus,
266 1323 342 1402 quod
362 1333 427 1383 ante
449 1323 529 1382 uobis
549 1323 732 1402 conspicuum
751 1335 821 1397 erat,
840 1343 873 1386 ex
893 1324 981 1386 oeulis
998 1325 1181 1396 nostrissnb-

38 1402 122 1462 eluci.
164 1401 245 1459 bicor
263 1399 387 1492 quidem,
405 1397 454 1458 ubi
472 1397 561 1478 aliqua
581 1398 755 1461 absurditatis
773 1423 786 1459 s
807 1400 883 1462 ecies
900 1402 1032 1476 recurrit,
1051 1399 1182 1480 expensis

38 1479 115 1538 binc
139 1475 206 1538 inde
229 1473 386 1535 rationibus
413 1473 580 1554 disquirere:
607 1493 660 1535 nee
683 1476 747 1542 lieri
768 1421 848 1536 ubter
870 1487 979 1557 potest,
1005 1475 1072 1557 quin
1096 1475 1182 1539 rebus

39 1552 143 1615 dubiis
164 1552 219 1612 bue
241 1562 270 1610 et
288 1549 352 1612 illuc
372 1563 519 1612 versentur
537 1563 646 1614 mentes
665 1563 792 1625 nostrae,
817 1551 865 1611 sed
889 1551 1027 1612 tenendus
1051 1563 1094 1612 est
1117 1571 1181 1612 mo-

38 1633 98 1692 das
120 1639 150 1688 et
168 1627 318 1702 sobrietas,
338 1645 376 1687 ue
395 1625 475 1688 altius
495 1647 577 1708 quarn
597 1638 762 1707 oportetse
782 1625 884 1690 efferat
901 1646 980 1707 caru,
1000 1640 1028 1688 et
1046 1647 1108 1692 suaa
1128 1647 1180 1690 eo·

36 1705 199 1790 gitatioues
221 1703 322 1781 procul
344 1701 372 1762 in
393 1702 503 1764 eoelum
525 1703 642 1764 emittat.

122 1783 170 1843 39.
211 1779 322 1842 Videte
344 1799 452 1838 mortus
477 1799 569 1840 meus.
615 1775 789 1862 Corporales¹
813 1799 913 1850 eorrna
942 1803 1039 1854 masur
1067 1779 1181 1842 adhibet

37 1868 147 1930 testes,
172 1875 209 1916 ne
233 1855 359 1916 umbram
383 1855 436 1915 sibi
458 1867 560 1938 pntent
583 1875 636 1950 pro
660 1877 789 1940 corpore·
807 1858 908 1928 oblisi,
942 1859 985 1920 Ae
1005 1857 1098 1936 primo
1118 1856 1180 1938 qui-

36 1937 111 1996 dem
132 1953 304 2012 corporeum
326 1931 470 1992 bominem
489 1953 504 1990 a
523 1933 623 2012 spiritu
643 1933 802 2024 distinguite
826 1936 882 1995 arsi
900 1933 1023 2010 afficeret,
1046 1934 1131 1993 Visus
1152 1941 1181 1992 et

35 2021 137 2074 tactus
162 2007 325 2088 probabunt
347 2027 393 2068 me
417 2028 477 2068 esse
502 2028 601 2068 verum
624 2008 788 2084 hominem,
809 2010 861 2090 qui*
886 2011 1004 2070 antebac
1031 2009 1179 2070 vobiscum

37 2095 172 2151 uersatus
196 2105 273 2145 surus
305 2082 369 2165 quia
395 2104 484 2146 earne.
501 2083 549 2144 itta
569 2106 631 2144 sum
657 2085 786 2158 indutus,
828 2105 879 2144 uae
902 2084 1032 2146 crucifixa
1057 2085 1124 2159 luit,
1150 2096 1179 2146 et

35 2163 137 2226 adbuc
157 2172 238 2223 notas
257 2171 354 2240 gestat.
384 2161 477 2228 Porro
493 2159 722 2240 quemchristus,
738 2107 875 2240 palpalile
895 2181 955 2222 esse
977 2182 1078 2254 eorpus
1097 2181 1178 2220 suum

34 2237 217 2322 pronuntiet
243 2248 274 2298 et
300 2233 400 2298 solidis
418 2235 527 2298 ossibus
551 2248 744 2316 compactum,
778 2237 875 2317 hisque
901 2238 976 2297 nutis
1001 2238 1140 2297 discernat
1162 2257 1179 2296 a

35 2315 165 2397 spiritu,
189 2313 262 2378 scite
285 2323 319 2390 et
336 2334 411 2374 vero,
427 2311 561 2384 adderetur
581 2325 622 2374 est
643 2311 787 2384 historus
806 2334 821 2374 a
842 2313 944 2386 nuruis
964 2311 1124 2384 bominibus
1144 2312 1180 2374 ad

36 2388 233 2464 refellendum
251 2410 372 2462 erassum
393 2407 519 2462 errorum
539 2388 574 2454 de
593 2387 901 2460 transsubstantiatione
919 2387 998 2470 panis
1016 2387 1045 2460 iu
1066 2409 1179 2474 eorpus,

37 2468 92 2528 rel
116 2465 152 2526 de
178 2461 262 2526 locali
283 2485 334 2527 cer
355 2465 410 2526 oris
454 2465 602 2538 raesentia,
629 2485 694 2545 quas
714 2463 842 2526 homines
861 2463 1035 2546 praeposteri¹
1052 2464 1081 2534 in
1101 2485 1178 2524 sacra

38 2545 149 2606 Coena
175 2541 295 2624 fingunt.
379 2561 407 2600 ιιι
430 2485 485 2602 litte
507 2539 606 2602 volunt
630 2561 692 2600 esse
717 2541 825 2602 Christi
848 2547 964 2618 eorpus,
994 2541 1043 2601 ubi
1068 2539 1177 2607 nullutn

36 2617 181 2699 corporis,
194 2619 339 2700 siguuma
361 2629 451 2700 paret:
484 2615 539 2677 hoc
558 2630 650 2688 autera
670 2617 756 2690 modu
778 2638 809 2684 re
829 2629 923 2694 uetur,
945 2629 1079 2686 naturam
1100 2637 1178 2682 suasu

34 2709 180 2770 mutasse,
204 2703 235 2752 ut
259 2714 319 2754 ease
338 2639 452 2770 desierit
470 2691 547 2770 quud
568 2704 642 2774 erat,
657 2705 685 2754 et
705 2693 780 2754 unde
800 2639 835 2768 ai
854 2694 916 2775 ipso
937 2691 1052 2764 Christo
1072 2691 1177 2776 probu-

36 2787 92 2832 tur
113 2788 211 2830 verum
232 2789 292 2830 esse
313 2791 425 2850 corpus.
464 2768 496 2828 Si
518 2781 617 2830 eontra
639 2767 796 2849 excipiant,
819 2769 889 2844 latus
913 2781 982 2842 tuuc
1003 2767 1085 2838 luisse
1106 2787 1176 2828 ceu-

34 2851 145 2920 fixam,
164 2848 248 2927 pedes
268 2844 410 2906 clarorum
430 2844 591 2905 uulneribus
608 2844 697 2906 luisse
716 2845 890 2926 periuratos,
913 2858 938 2906 at
961 2865 995 2908 ue
1016 2845 1097 2907 etiam
1117 2863 1179 2903 tan·

34 2947 113 3000 rrus,
133 2944 208 2992 nuuc
226 2933 321 2990 auteur
340 2921 462 2982 illaesum
482 2931 511 2980 et
529 2921 677 3013 integrum⁴
694 2921 723 2982 iu
743 2922 828 2986 coelo
845 2941 906 2984 esse
968 2922 1075 2992 ristum:
1097 2919 1177 2992 laeilu

34 2999 192 3062 discutitur
211 2999 265 3060 hoc
285 2997 430 3073 cavillum,
448 3019 541 3078 neque
563 3016 642 3066 corut
662 2999 716 3058 lroe
735 3010 843 3068 turtum
863 2997 970 3080 agitur,
988 2997 1062 3077 quali
1082 2995 1177 3064 ltaltitu

35 3101 52 3138 a
81 3076 208 3156 paruerit
234 3075 377 3150 Christus,
403 3073 454 3134 sed
480 3071 546 3164 quitl
571 3084 691 3136 testetur
715 3073 751 3134 de
774 3095 840 3134 vera
864 3069 955 3134 carnis
977 3094 1043 3134 auae
1067 3084 1176 3136 natura.

74 3175 115 3213 oe
134 3164 226 3214 mrem
246 3162 383 3308 tatttqpqpq²
395 3171 540 3229 properum
559 3149 597 3210 illi
616 3149 752 3225 attribuit,
771 3149 935 3231 palpabilem
956 3169 1026 3240 usqe,
1044 3159 1077 3208 ut
1091 3169 1107 3207 a
1120 3145 1176 3238 spi·

34 3233 105 3292 ritu
127 3227 250 3297 diflerat.
406 3226 492 3298 burste
513 3247 627 3305 quoque
655 3226 803 3292 discrimen
828 3227 899 3290 istud
924 3247 1017 3292 carnus
1038 3245 1055 3284 a
1077 3224 1176 3304 spiritu

35 3325 162 3370 mauere
187 3324 302 3364 necesse
320 3314 376 3376 est,
400 3302 474 3384 quotl
494 3314 665 3384 perpetuum
682 3322 741 3364 esse
762 3324 796 3372 er
817 3301 922 3370 Christi
942 3300 1035 3362 verbis
1054 3311 1176 3362 statuere

35 3385 123 3444 licet.
163 3381 209 3441 De
227 3378 389 3440 uulneribus
407 3389 501 3438 autem
520 3377 560 3438 sie
579 3379 736 3439 babendum
757 3392 812 3453 est,
830 3377 885 3439 ltuc
904 3379 1075 3438 documento
1094 3373 1177 3436 nohis

34 3455 179 3520 omuibus
207 3465 342 3516 testatum
370 3475 446 3530 esse,
479 3454 623 3516 Cbristum
655 3455 738 3516 nobis
763 3455 857 3536 pullu-s
887 3453 1069 3514 resurrexisse
1093 3471 1176 3532 qnam

34 3533 112 3610 ribi,
139 3553 223 3616 quum
242 3530 342 3598 *mustis
361 3530 471 3605 uictor,
494 3541 525 3592 et
542 3529 622 3596 beuta
642 3530 812 3611 coelestique
836 3529 1044 3592 immortalitate
1067 3529 1177 3617 praedi-

36 3627 107 3683 tus„
132 3629 247 3670 suornm
272 3619 366 3668 tamen
392 3627 472 3666 causa
499 3605 588 3666 crucis
613 3606 741 3688 reliquias
766 3607 799 3674 ad
823 3619 934 3688 ternpus
956 3615 1067 3688 gestare
1091 3615 1175 3666 sustr-

35 3682 151 3748 nuerit.
193 3685 272 3744 llaec-
295 3691 371 3744 uerte
396 3681 464 3741 mira
484 3680 539 3740 init
565 3681 737 3765 indulgentia
757 3703 824 3768 erga
842 3679 1005 3766 discipulos,
1030 3679 1106 3759 quud
1125 3679 1175 3739 ali-

34 3757 1176 3900 albalat‘bistilit‘ltttlt“attitfflltlldtffin‘¹th

34 3915 120 3978 rium
131 3911 193 3986 luit,
203 3910 290 4002 plagis
299 3911 390 3978 adhue
400 3908 563 3972 confossum
574 3877 728 3994 imaginari,
740 3931 826 3990 quum
838 3909 968 4000 adveniet
978 3907 1075 3978 muudi
1085 3906 1174 3970 iudex.

125 3987 214 4056 Mare.
238 3991 285 4050 tt.
324 3985 503 4078 Sedentr’dtu
527 3989 590 4076 illle
614 3986 757 4053 undecim,
801 3985 983 4065 Partrciprutu
1006 3987 1175 4078 ἁψαμένοις

35 4059 1104 4226 bttt‘tli’tttlttlb‘titltttlfflllniltt,bittit
1117 4079 1176 4219 tt:

35 4239 124 4282 marn
148 4215 286 4278 visionem
312 4215 359 4276 bie
387 4212 519 4276 describi:
551 4235 616 4275 nam
640 4214 807 4295 tempestiva
831 4233 892 4273 uon
920 4211 1020 4274 luuset
1043 4211 1176 4274 coenatio

34 4293 162 4360 cirrhos
180 4291 300 4358 uetiam
319 4301 445 4358 nartem.
475 4289 588 4358 Deinde
604 4291 629 4354 ai
648 4305 744 4358 meust
762 4289 860 4354 ιἰιίιιιι
877 4287 1011 4374 apposita,
1031 4310 1091 4355 nou
1109 4307 1177 4370 qua-
