2502 4854
236 245 310 319 (scs
328 241 410 304 tom
428 237 593 304 ιιπτικι
611 254 646 304 sc
663 236 826 321 munus.)
940 269 946 282 ·
1035 239 1095 312 ιιι

31 405 74 448 ιι
88 385 131 448 etsi
145 387 267 468 minspoe
284 399 416 449 nostrum
435 386 553 448 eoram
570 405 588 448 a
608 387 736 470 gratuito
748 386 807 447 Dei
825 381 937 463 lavore,
956 381 1094 467 treenta

29 465 87 524 uiro
102 463 171 526 lente
185 477 286 538 manat,
311 465 368 525 hor
392 475 492 524 tamen
511 464 659 546 singulare
680 475 725 525 est
743 465 774 523 in
796 464 933 538 Christo,
963 464 1094 546 quodie

29 541 68 598 ries
81 559 181 620 persona
197 553 281 600 totam
302 540 461 600 Ecclesiam
482 559 582 602 amore
602 559 656 601 suo
677 540 885 621 complectitur
904 538 986 601 Deus
998 542 1095 602 Pater.

29 615 154 696 lanqnnm
172 629 264 676 natura
283 615 395 678 inimici
406 615 464 676 Dei
483 617 571 676 simus
591 635 704 691 omnes,
724 638 874 698 nunquam
893 619 929 678 ad
949 638 1004 678 nos
1024 637 1094 698 per·

28 693 92 752 reniet
106 693 157 753 eius
174 713 262 768 amor,
287 694 342 754 nisi
363 713 379 752 a
399 695 496 772 capite
517 695 641 772 primurn
662 695 799 775 incipiat,
819 694 894 754 ricus
912 694 980 754 alihi
1000 696 1093 754 visum

29 779 63 838 et,
80 789 105 828 ac
124 772 216 829 iterum
237 770 383 830 videbitur
407 789 470 850 rap.
491 777 537 835 17.
581 769 727 830 Iudicium
749 769 880 847 gentihus
904 771 1093 832 nnfflehlt

29 843 122 905 illirium
139 843 237 907 Christi
256 847 390 907 breviter
405 846 538 929 designat
558 846 723 928 Propheta,
744 869 833 928 quum
856 849 921 908 lore
940 849 1095 929 praedicit,

27 921 161 982 nirdician
179 923 311 1005 gentihus
330 923 475 1002 prolerre
513 921 621 984 ludicii
640 935 736 984 autem
759 926 878 985 nomine
899 926 1095 1006 comprehen-

27 995 165 1059 lntladaei
182 1013 282 1060 statum
301 1000 359 1060 rite
379 1012 410 1059 et
428 1000 535 1060 ordine
554 1019 620 1064 corn
663 1000 766 1072 situm,
792 1002 844 1062 uhi
863 1003 944 1084 riget
963 1004 1093 1082 aequitas

26 1076 174 1136 emissio.
210 1076 335 1137 Perinde
355 1087 400 1136 est
424 1073 514 1158 ιςίιυι·
532 1078 590 1138 acsi
632 1074 912 1159 ixisset-Propheta,
936 1091 1093 1140 venturum

26 1151 85 1222 than,
99 1154 140 1231 qui
156 1153 305 1234 collapsam
326 1153 465 1216 iustitiam
487 1155 631 1229 cessurae,
650 1165 682 1214 et
700 1151 820 1235 quidem
839 1175 901 1216 aon
918 1153 1007 1215 unhs
1026 1167 1094 1228 tan·

26 1235 61 1284 ιι
74 1227 153 1309 papali
169 1230 204 1291 sit
221 1230 411 1304 moderator,
438 1227 489 1290 sed
508 1227 613 1312 genter
633 1229 720 1290 etiarn
741 1231 866 1292 adducat
883 1229 940 1292 sah
959 1231 1017 1293 Dei
1037 1234 1093 1292 im-

26 1303 118 1442 ‘lit
133 1307 409 1444 eterne*
441 1306 1094 1465 ‘trtttlrhttttrlut‘tetu

26 1396 92 1516 Ciu
107 1457 168 1535 icit,
187 1479 308 1546 regnum
328 1425 504 1540 Dei‚’qnocl
523 1471 593 1520 tnnc
612 1460 757 1522 inclusum
778 1473 840 1521 erat
859 1462 890 1521 in
910 1461 1021 1543 angulo
1041 1461 1092 1522 lu·

31 1529 85 1608 he,
101 1553 249 1618 propagare
266 1539 298 1597 in
318 1545 415 1598 totum
434 1536 556 1611 orbem,
576 1536 652 1597 sient
668 1534 737 1598 alihi
758 1537 865 1598 dicitnr
873 1537 936 1613 (Ps-
951 1537 1021 1612 sto,
1035 1540 1093 1616 2),

78 1633 126 1671 rum
149 1614 258 1674 virtutis
283 1627 353 1674 tuae
382 1615 497 1677 emittet
521 1611 668 1674 Dominus
692 1631 726 1673 ex
750 1613 836 1673 Sion.
879 1609 975 1674 Simul
1006 1616 1093 1676 elim

98 1689 139 1749 ndi
163 1691 258 1752 indicii
282 1690 389 1752 modus
417 1688 603 1770 exprimitur,
633 1689 712 1770 quad
738 1689 820 1750 Deus
840 1687 984 1772 Spiritum
1008 1711 1092 1752 nrum

25 1765 114 1842 proto
130 1765 253 1828 Christo.
293 1769 404 1826 Verum
425 1766 543 1845 quidem
565 1778 639 1839 est,·
654 1767 726 1826 nihil
748 1789 784 1826 un
809 1789 873 1826 uam
895 1765 983 1829 inisse
1004 1771 1093 1829 recti-

25 1839 128 1902 hielsio
145 1845 261 1918 mado,
282 1843 364 1926 qaod
385 1860 446 1903 non
469 1842 635 1922 prolectam
655 1845 693 1903 sit
712 1864 728 1904 a
749 1845 805 1904 Des
827 1845 950 1926 Spiritu,
970 1856 1001 1905 et
1021 1865 1093 1906 coe»

23 1911 59 1972 hri
71 1917 117 1978 rius
134 1921 233 1980 virtute
252 1919 436 1981 constiterit:
462 1919 709 2012 quemadmodum
729 1922 817 1981 etiarn
842 1941 930 1982 nemo
952 1943 986 1982 er
1011 1924 1093 2004 regia

23 1985 195 2074 inlegitimum
215 1997 352 2058 ordinem
371 1995 417 2055 vel
439 2013 552 2078 engere
574 1997 623 2054 vel
639 1997 716 2057 tueri
737 2009 849 2077 potest,
875 1998 929 2058 nisi
949 2011 1094 2078 quatenus

22 2067 86 2128 trien
100 2073 200 2151 Spiritu
218 2074 378 2134 instructus
398 2073 464 2132 erit
503 2071 563 2131 Sed
577 2072 710 2136 Christus
730 2076 758 2134 in
780 2075 962 2154 proferendo
983 2075 1092 2137 iudicio

21 2135 75 2224 lap
89 2145 148 2209 alios
166 2170 266 2212 omnes
288 2147 419 2222 excellit,
449 2149 516 2230 quia
536 2149 679 2230 Spiritum
691 2151 819 2234 'accepit
838 2173 854 2212 a
873 2151 990 2224 ratres
1003 2172 1092 2243 quem

21 2211 95 2283 iscus
111 2245 201 2286 omnes
220 2225 373 2287 eiiundat:
395 2245 456 2284 non
479 2225 555 2285 enim
576 2246 649 2286 vore
670 2238 782 2287 tanturn
796 2226 841 2285 vel
862 2227 971 2308 scripto
993 2228 1093 2303 ductat,

21 2295 61 2372 p'l
75 2313 165 2362 rectum
184 2303 236 2378 sit,
260 2302 313 2365 sed
334 2301 464 2396 Spiritus
482 2303 526 2364 sni
546 2304 638 2384 gratia
659 2303 736 2364 intus
758 2301 865 2363 iormat
880 2302 974 2363 corda
996 2301 1092 2366 tomis

20 2387 60 2432 nn
74 2375 100 2436 ad
114 2379 278 2440 servandam
296 2379 423 2440 iustitiae
440 2376 583 2462 regulam.
1086 2428 1092 2448 ,

63 2459 98 2516 ιι.
126 2455 195 2518 llere
209 2455 368 2520 comendes.
417 2455 537 2520 Summa
558 2468 617 2535 est,
646 2465 680 2517 ut
699 2475 795 2537 nuper
813 2455 913 2539 attigi,
944 2477 1006 2519 non
1027 2455 1093 2523 lore

19 2525 171 2594 blituosum
192 2533 304 2596 Christi
323 2533 495 2610 adventum,
522 2533 590 2612 quia
610 2531 695 2616 regio
715 2547 856 2614 apparatu
875 2533 1094 2614 splendoreque

19 2603 99 2664 nsit:
124 2629 184 2669 mox
201 2622 303 2672 tannen
323 2609 492 2685 subiicitur,
523 2609 552 2671 id
572 2610 604 2670 in
629 2607 780 2670 hominum
800 2609 922 2671 salntem
951 2612 1031 2685 lore,
1061 2621 1094 2672 ut

19 2681 104 2743 *elii
128 2687 162 2746 sit
189 2687 243 2748 ista
273 2685 486 2762 mansuetudo,
539 2705 593 2747 uae
617 2687 723 2767 passim
748 2687 779 2746 in
806 2688 918 2748 mondo
936 2689 1094 2770 spernitun

18 2749 114 2821 iltute
135 2763 201 2824 mira
228 2777 274 2825 est
300 2764 452 2825 hominum
476 2775 522 2825 stu
537 2763 613 2838 titia,
659 2763 718 2823 uod
745 2763 838 2825 minus
867 2765 1031 2846 honorifice
1056 2765 1094 2833 de

19 2827 97 2922 “grino
111 2841 240 2916 sentiant,
260 2841 329 2921 quia
348 2860 379 2902 se
400 2840 435 2900 ad
456 2860 559 2902 eorum
580 2784 731 2900 motiuinm
771 2840 864 2902 lacide
882 2840 1020 2922 ultroque
1040 2840 1094 2903 de-

18 2917 80 2998 '2¹²
117 2916 261 2998 Apparere
280 2916 416 2978 Christus
433 2915 466 2976 in
486 2917 669 2999 eosgloria,
694 2861 770 3010 quii
791 2917 921 2980 laturum
949 2931 1094 2998 putamus,

18 2999 97 3072 ..ιιι
121 3013 170 3055 nos
199 3005 281 3056 totus
312 2991 488 3074 ahsorheat?
527 2993 682 3086 Quaenam
707 2995 799 3076 igitur
818 2995 871 3056 ista
892 2996 1016 3079 pratitas
1037 3006 1094 3074 est,

17 3072 76 3122 hus
90 3065 203 3132 lihentec
224 3091 292 3131 eum
313 3071 457 3152 excipere,
478 3069 528 3164 qui
548 3071 717 3152 ingratiam
738 3082 867 3130 nostram
889 3091 922 3130 er
941 3069 1095 3132 altitudine

16 3146 47 3194 fl
63 3139 207 3209 lucenda?
256 3149 340 3230 Ergo
371 3157 405 3206 ut
423 3145 534 3208 Christi
566 3147 687 3207 comitas
719 3147 913 3206 reverentiam
943 3146 987 3205 illi
1016 3147 1094 3226 apud

18 3205 238 3302 Heu-elles,
262 3245 349 3306 qnam
370 3223 466 3297 utilis,
495 3225 556 3284 imo
580 3222 743 3285 nec'essmia
763 3223 804 3284 sit
820 3223 961 3282 admonet
980 3222 1095 3286 lesaiass

20 3281 327 3380 intaisqnenostrnru
353 3299 517 3382 fragilitatis
535 3320 604 3362 snae
625 3299 759 3361 conscius
781 3309 838 3359 est:
864 3297 932 3359 hinc
957 3309 1095 3380 reputare

17 3373 327 3516 iiii-‘iiiiii
346 3373 849 3514 iiiiii?ii¹2h¹li⁰¹iiiii
868 3373 1095 3532 ‘sil‘ltlltz

16 3513 75 3606 ’,Μ
89 3529 159 3590 mrui
178 3475 262 3606 shut,
285 3530 336 3592 sed
357 3531 407 3612 qui
427 3531 484 3591 iam
504 3475 599 3592 ioiitt
618 3541 687 3590 sunt
706 3550 721 3589 a
739 3471 889 3604 hominii,
914 3531 1013 3589 donee
1029 3529 1095 3610 pler

16 3603 97 3660 usia
118 3603 170 3670 illis
194 3607 293 3668 lumen
319 3606 477 3682 accendat,
507 3619 538 3667 et
567 3605 692 3678 solidum
718 3605 811 3671 robur
829 3605 1007 3704 suppeditet.
1046 3607 1095 3666 An

16 3683 52 3728 ¹⁰¹
75 3695 162 3742 onnes
188 3683 374 3745 semifractae
403 3682 538 3744 arundini
564 3694 594 3743 et
624 3680 770 3766 ellychnio
803 3683 956 3776 fumiganti
988 3683 1095 3744 similer

15 3751 70 3830 3³¹?
99 3757 182 3831 Quos
200 3779 275 3845 ergo
300 3762 341 3821 ita
365 3761 553 3822 recheteno
579 3771 701 3819 nostrae
722 3759 885 3840 infirmitati
910 3770 1096 3840 attemperas

14 3837 136 3894 ΙΙιιιιι
165 3837 226 3898 eius
258 3837 420 3900 honitatem
452 3835 612 3918 exosculari
641 3835 792 3901 discamus.
831 3835 964 3900 ,Interea
994 3849 1094 3920 l²t¹¹⁰lt

14 3911 72 3962 ⁸²⁸0
87 3907 133 3970 sihi
152 3912 178 3973 iu
198 3915 273 3975 vitiis
294 3911 473 3988 blandiatur,¹
489 3911 539 3973 sed
560 3933 615 3994 pro
636 3908 810 3996 aequisque
830 3909 860 3974 in
881 3911 983 3972 melius
1003 3909 1094 3993 proh-

15 3987 57 4034 Μ
70 3986 181 4064 sulcas,
200 4012 239 4052 ue
259 3995 402 4052 iactentur
420 3999 482 4049 tota
503 3991 560 4050 vita
581 3989 628 4048 sel
649 3988 684 4048 ad
706 3987 868 4082 quamlibet
887 4007 984 4049 auram
1007 3999 1093 4046 nute-

15 4063 54 4108 Νι
67 4063 221 4127 anatinam
242 4070 345 4129 instar:
365 4068 415 4128 sed
432 4066 629 4126 adolescemus
648 4065 680 4125 in
691 4087 771 4126 rurus
788 4066 952 4160 periectos,
967 4075 1000 4123 nt
1017 4063 1096 4152 hropi

16 4136 88 4194 ’Μ
104 4154 199 4204 eontra
216 4147 313 4206 varios
332 4145 458 4203 Satanae
479 4143 619 4216 insultus,
644 4161 681 4202 ne
701 4144 809 4226 exiguas
829 4153 941 4202 tantum
960 4139 1093 4201 scintillis

16 4211 36 4256 ⁸
46 4205 147 4292 littera
164 4218 294 4303 iuligine
305 4219 452 4301 implicitis
470 4220 543 4278 hdea
563 4223 664 4278 nostra
675 4221 773 4294 micet,
792 4218 843 4278 sed
864 4217 977 4276 lucidos
996 4215 1093 4275 radios

17 4289 102 4374 Ἢ·
140 4291 197 4355 iau
216 4319 286 4365 vero
306 4297 418 4360 Christi
444 4295 577 4376 exemplo
602 4295 739 4356 omnihus
764 4297 824 4356 eias
845 4291 984 4352 ministris
1008 4309 1098 4371 praee

19 4357 127 4444 Μ’,
142 4371 263 4452 qualiter
278 4393 315 4438 se·
328 4372 434 4458 gerere
454 4371 591 4436 debeant.
641 4372 703 4434 Sed
722 4372 789 4454 quia
818 4370 902 4430 huiru
921 4366 1097 4450 lochpme·
