2496 4852
346 227 477 294 Ouarro
497 245 534 292 ιιι
554 243 681 294 nourr.
1023 235 1081 299 171

7 371 63 432 sual
81 369 197 506 mlqut,
227 371 413 466 quodetiam
442 373 607 470 prudenter
623 371 781 468 'expendit
801 371 991 458 Augustinus.
1030 373 1081 436 Sic

7 465 68 530 quur
81 469 136 510 reso
163 471 172 508 ι
188 445 272 510 debet
284 463 391 526 oratio,
409 453 457 512 Ne
477 473 507 511 ιιι
528 461 722 512 tentationem
737 447 874 524 feramur,
894 472 948 510 nos
967 472 983 510 a
1003 449 1080 511 malo

8 527 91 584 redime.
123 525 231 585 Summa
243 539 339 586 autem
352 539 406 604 est,
426 527 506 608 quod
525 527 663 609 propriae
674 527 849 587 infirmitatis
862 526 950 588 nobis
961 526 1088 603 conscii,

9 601 43 660 ltei
58 601 177 692 praesidio
196 601 314 664 delendi
333 625 388 667 uos
409 605 558 696 cupimus,
582 615 614 664 ιιι
639 603 880 695 inexpugnabiles
899 615 1008 695 stemus
1029 602 1082 662 ad-

9 677 669 818 ttttrttfflttlttttttlttttaltt
691 691 779 816 ‘tlt
792 699 991 816 ‘timidi
1009 689 1083 814 tt!

10 798 208 924 utiobstridtnm
220 834 371 924 ‘agnostin
390 836 431 896 ita
450 854 485 894 ex
505 833 562 924 hoc
579 775 760 914 colligiriua,
777 799 814 895 a’d
836 779 914 896 beni
928 777 1091 924 vivendum.

11 927 55 996 rues
69 908 139 996 npbrs
158 910 454 1000 minimesulticere,
484 911 550 1000 uisa·
565 920 707 1000 quatenus
733 929 787 1001 aas·
800 909 887 1002 licus·
906 909 1084 1045 suppeditat.
1145 999 1146 1002 Ἴ

12 981 105 1062 Qruquu
122 1003 193 1044 emm
213 987 248 1044 ad
269 985 427 1046 vancendas
447 997 625 1046 tentationes
645 983 703 1045 Der
723 985 858 1045 auxilinm
879 997 1033 1066 imporat,
1052 1003 1085 1044 se

13 1059 92 1138 'teipso
107 1061 257 1122 liberatore
277 1062 387 1124 latetur
405 1063 514 1124 trabere
533 1083 619 1142 opus,
640 1081 677 1122 ne
696 1061 822 1122 subinde
842 1061 965 1124 labetur.
1007 1063 1088 1124 Cae*

12 1147 70 1192 ternu
85 1157 179 1196 nomeu
196 1143 359 1199 mentonis
384 1159 472 1230 saepe
490 1139 668 1222 generaliter
686 1139 810 1200 sumitur
836 1161 890 1220 pro
911 1157 1086 1219 quacunque

15 1209 149 1288 putatione:
177 1233 236 1294 quo
267 1235 356 1276 seusu
387 1215 495 1275 dicatur
515 1226 646 1276 tentatus
671 1233 687 1274 a
711 1215 779 1275 Deo
811 1215 901 1276 luisse
924 1213 1087 1290 Abraham,

15 1307 67 1364 pm
80 1289 210 1370 explorata
228 1291 286 1352 init
305 1291 466 1354 eins'fides.
506 1291 557 1351 Sic
575 1303 637 1352 tam
657 1291 783 1353 adversis
803 1293 891 1354 rebus
907 1313 992 1372 quam
1011 1307 1094 1372 pro-·

16 1365 224 1441 peristentamnr,
248 1369 318 1450 qnia
343 1369 397 1430 hac
421 1367 578 1428 occasione
601 1369 633 1428 in
659 1367 755 1428 lucem
776 1379 933 1450 emergunt
951 1367 1078 1429 aiiectus

18 1461 112 1576 w
127 1443 263 1505 aretam.
302 1445 364 1506 sea
378 1445 425 1505 tte
439 1455 559 1504 notatur
577 1445 705 1506 inseror
722 1445 860 1519 renarro,
881 1461 955 1526 qaae
975 1407 1095 1504 aaut·

41 1563 52 1596 Β

88 1541 108 1576 ιιι
125 1531 188 1599 apte
207 1521 308 1582 rotari
327 1531 445 1604 potest,
469 1519 504 1584 ad
524 1521 701 1582 incitandam
721 1531 854 1590 nostram
873 1522 1094 1600 concupiscene

23 1593 66 1650 tin.
87 1595 239 1660 tbsurduru
270 1598 351 1659 euim
377 1609 453 1658 esset
477 1593 583 1657 aDco
607 1609 742 1678 petere,
760 1608 793 1656 ut
816 1615 872 1657 uos
892 1597 928 1659 ab
951 1595 1094 1656 omuibus

24 1667 223 1735 ldo'tocumentis
243 1675 387 1735 immunes
413 1674 524 1734 reddat.
563 1675 645 1756 Ergo
672 1673 753 1756 pravi
778 1691 881 1734 omues
905 1683 1014 1750 motus,
1037 1671 1094 1752 qui¹

22 1747 82 1804 tort
97 1751 269 1830 peccandum
288 1751 466 1827 sollicitant,
491 1749 545 1810 sul)
571 1753 735 1810 marionis
754 1751 875 1809 nomine
894 1748 1090 1830 comprehen-

19 1819 87 1912 dttttr.
117 1825 291 1908 Quanquam
312 1839 408 1890 autem
429 1826 493 1887 lieri
514 1847 575 1888 non
596 1838 711 1908 potest,
737 1829 806 1906 quin
835 1826 906 1888 tales
930 1829 960 1886 in
982 1823 1096 1886 animis·

18 1911 134 1972 puttoues
155 1906 332 1978 sentiamus,
362 1905 430 1984 qnia
459 1915 528 1964 toto
557 1905 634 1964 vitae
660 1923 746 1964 curm
771 1904 911 1963 continua
936 1913 981 1962 est
1000 1899 1089 1960 nubis

16 1991 52 2030 on
66 1995 132 2038 carne
148 1981 263 2055 militia,
283 1981 409 2062 petimus
428 1992 525 2042 tamen
547 1981 723 2054 aDomino,
742 1999 781 2038 ne
800 1979 1015 2038 tentationibus
1035 1995 1095 2036 nos

17 2047 154 2115 uliiciatrel
182 2055 274 2117 obrui
300 2060 436 2138 patiatur.
474 2057 519 2117 Ac
539 2076 599 2136 quo
619 2056 722 2116 melius
747 2057 923 2136 exprimeret
947 2054 1092 2128 Christus,

17 2127 83 2184 usal
98 2132 218 2193 assiduos
238 2153 320 2193 casus
340 2145 371 2192 et
396 2133 493 2193 ruinas
535 2131 658 2194 roelives
683 2132 829 2212 pendere,
853 2131 910 2192 nisi
935 2151 988 2191 nne
1007 2129 1091 2190 Deus

16 2209 291 2284 santumnium,
311 2207 366 2270 tac
386 2206 496 2288 loqueu
517 2233 526 2268 ι
546 2209 641 2270 iorma
661 2229 729 2268 usus
750 2219 809 2280 est,
830 2207 876 2268 Ne
896 2227 951 2267 nos
970 2206 1090 2266 inducas

15 2295 32 2330 u
45 2283 220 2345 tentationem:
241 2285 298 2359 vel,
317 2298 351 2347 ut
370 2283 419 2346 alii
440 2297 567 2362 vertunt,
586 2287 632 2345 Ne
652 2305 707 2346 nos
726 2283 843 2344 inieras.
883 2283 1006 2344 Certum
1027 2279 1092 2362 qui-

16 2351 53 2412 den
68 2368 108 2432 est,
124 2383 210 2422 unum
234 2381 361 2442 nemque
380 2362 489 2421 tentari
508 2385 524 2423 a
544 2357 663 2443 propria
684 2359 932 2440 concupiscentia,
952 2357 1094 2438 quemad-

16 2431 91 2521 stdpu
106 2436 188 2498 docet
208 2383 334 2499 iambus
355 2439 562 2518 (t,1r),sed
584 2439 651 2517 quia
671 2437 753 2496 Dens
772 2455 835 2496 uon
855 2436 946 2496 modo
966 2435 1100 2494 Satanae¹

15 2503 88 2594 ildini
103 2533 150 2576 uos
167 2517 329 2596 permittit,
355 2527 390 2583 ut
407 2515 506 2598 iguem
526 2512 784 2595 concupiscentiae
803 2512 961 2588 accendat,
984 2510 1035 2572 sed
1055 2529 1101 2570 eo

15 2593 71 2670 rtur
84 2587 133 2650 irae
150 2611 220 2654 suae
239 2594 392 2668 ministro,
416 2592 532 2672 quoties
551 2590 614 2652 vult
638 2590 771 2651 homines
790 2590 820 2650 in
842 2589 959 2650 exitium
980 2585 1094 2670 praeci-

16 2671 58 2732 pres
72 2686 160 2802 spere,
180 2671 190 2728 i
213 2687 243 2730 se
265 2687 385 2803 quosse
404 2689 458 2729 suo
479 2667 569 2728 modo
592 2667 620 2727 in
641 2665 836 2727 tentationem
857 2665 977 2728 inducit.
1019 2662 1100 2738 Quo¹

15 2753 66 2796 *tto
97 2745 177 2804 icitur
194 2693 323 2828 §piritus
369 2745 506 2804 eimalus
526 2743 680 2825 arripuisse
700 2743 830 2816 Saulem,
850 2755 880 2802 et
899 2743 1006 2803 eodem
1025 2751 1094 2800 ten-

15 2811 59 2874 inu
71 2821 220 2904 conplures
233 2823 405 2903 Scripturas
425 2821 499 2882 loci:
520 2839 617 2900 neque
635 2833 733 2882 tamen
756 2831 912 2900 propterea
923 2820 1020 2880 Deum
1039 2837 1096 2878 vo·

16 2889 99 2956 erlinus
115 2899 254 2960 malorum
273 2911 435 2971 auctorem,
454 2898 593 2977 quoniam
613 2896 747 2956 homines
763 2897 907 2956 mittendo
927 2895 957 2955 in
977 2913 1095 2954 sensum

16 2971 128 3051 perotus
146 2996 205 3036 uon
217 2975 369 3038 cooimam
390 2973 576 3055 tyrannidem
595 2983 708 3042 exercet
740 2973 791 3033 sed
811 2973 887 3032 iustu
906 2993 957 3032 suu
977 2969 1096 3044 iudicia,

17 3037 168 3126 luctarerne,
187 3051 363 3132 exsequitur.
400 3049 511 3110 Δι’ὂσνιι
533 3071 587 3112 asos
610 3072 631 3108 ιι
653 3071 681 3110 ιιι
714 3069 740 3108 o.
779 3045 899 3108 Mutum
919 3045 966 3108 hic
985 3059 1045 3106 tam
1064 3046 1100 3104 iu

17 3135 171 3206 tt’tunquam
182 3127 344 3190 masculino
363 3147 474 3209 genere
495 3137 594 3208 potest
613 3127 714 3205 accipi.
745 3121 974 3203 Chrysostnmus
986 3121 1021 3182 ad
1033 3121 1097 3180 dia-

17 3193 82 3260 lalnu
91 3205 182 3278 relert,
195 3205 245 3288 qui
260 3205 392 3266 omnium
403 3203 549 3264 malorum
563 3216 607 3265 est
617 3203 803 3274 architectus,
814 3210 902 3278 atque
923 3208 956 3257 ut
975 3195 1098 3258 iniestns

19 3277 124 3342 molaris
141 3295 258 3344 nostrae
279 3281 371 3343 hostis
390 3281 504 3342 assidue
526 3302 581 3342 nos
603 3300 642 3362 op
665 3287 765 3359 ugnat.
801 3275 870 3336 Non
885 3274 980 3334 minus
999 3281 1099 3332 tamen

18 3356 126 3416 t⁰=1ttode
143 3359 248 3440 exponi
272 3360 384 3439 poterit
408 3357 445 3420 de
471 3368 602 3438 peccato.
676 3374 708 3414 ec
733 3351 770 3418 de
796 3372 830 3412 ea
856 3371 889 3410 re
920 3347 1103 3410 movendum

17 3439 44 3484 ιιι
56 3445 190 3512 tutamen,
210 3435 278 3517 quia
298 3436 375 3497 idem
395 3435 458 3497 iere
472 3445 571 3496 manet
590 3453 702 3505 sensus,
720 3450 776 3492 nos
795 3426 909 3489 scilicet
929 3423 1049 3488 diabolo
1070 3436 1102 3486 et

17 3519 99 3574 astuto
116 3531 173 3574 esse
192 3515 352 3594 expositos,
371 3512 427 3574 uisi
447 3531 501 3574 nos
521 3522 637 3572 tueatur
656 3506 803 3582 Dominus
823 3517 853 3565 et
874 3503 987 3585 eripiat.
1023 3501 1101 3585 Quin

15 3591 67 3638 Ἢ
80 3600 113 3644 ³³¹
126 3611 252 3666 moun·
290 3588 397 3650 lllirum
418 3599 463 3648 cst
483 3586 557 3648 hanc
570 3583 746 3668 precationis
760 3581 926 3653 clausulam,
947 3599 1022 3660 quae
1040 3591 1102 3640 tarn

15 3669 59 3746 'llff
74 3665 197 3742 quadrat,
222 3689 239 3728 a
258 3663 368 3726 Latinis
395 3665 481 3726 luisse
503 3663 646 3725 omissam.
689 3661 795 3740 Neque
817 3657 896 3718 enim
916 3653 984 3716 iden
1005 3654 1104 3717 solum

17 3735 82 3798 atlrts
96 3753 147 3818 est,
170 3755 202 3804 ut
221 3743 312 3804 corda
333 3753 433 3802 nostra
453 3739 490 3802 ad
511 3736 701 3819 expetendam
721 3735 780 3796 Dei
800 3733 926 3818 gloriam
950 3731 1103 3806 accendat,

16 3815 185 3898 ttadmosse,
202 3822 337 3902 quisnam
357 3837 419 3880 esse
441 3816 548 3878 debeat
566 3827 704 3878 votorum
724 3823 896 3874 nostrorum
915 3831 1032 3890 scopus,
1051 3807 1105 3870 sed

16 3897 75 3950 (Μ
94 3907 122 3955 ιι
142 3897 259 3973 doceat,
289 3915 393 3976 preces
417 3905 547 3968 nostras,
577 3910 652 3972 qnae
685 3887 733 3952 hio
757 3887 844 3950 nobis
869 3885 995 3977 dictqtac
1025 3895 1105 3974 suut,

17 3979 57 4048 *pt
75 3969 131 4034 aliisi
153 3997 239 4055 quam
264 3973 295 4036 iu
314 3971 383 4034 Deo
407 3969 474 4034 solo
502 3969 635 4032 fundatas
662 3986 740 4042 esse,
770 3985 809 4028 ue
837 3984 965 4048 proprus
993 3971 1106 4022 merrtrs

15 4056 113 4110 munuc,

43 4247 101 4336 (¹³5.)
137 4255 307 4324 ΜΑΤΤΗ.
321 4255 377 4322 vt.
405 4253 455 4320 14.
476 4251 609 4318 Sicnim
630 4247 818 4316 remiseritis
836 4239 1107 4328 hominibuspeo

19 4357 64 4414 ‘³¹2
79 4375 139 4436 ora,
155 4361 296 4428 remittet
319 4357 417 4424 etiarn
439 4351 535 4423 vobis
557 4353 652 4422 Puer
673 4347 834 4424 eoelestia
898 4342 947 4408 lo
976 4333 1107 4430 Quodsi
