2524 4856
155 240 214 302 aar
399 209 403 216 “
601 235 711 302 secr.
730 235 843 302 nutu.

233 389 321 452 ttae.
340 392 386 454 ll.
424 389 472 452 Ne
489 392 712 480 pruscoffitetlr.
750 389 1113 465 nanturiacensem
1128 400 1153 450 et
1166 390 1235 472 prui-

158 487 246 540 mam,
267 467 445 546 exposuimus
465 467 598 528 lllattbaet
619 468 711 546 capite
731 470 794 543 lu,
817 489 922 558 nempe
942 467 1015 546 quod
1035 467 1156 528 Dominus
1174 467 1200 526 ab
1214 489 1235 526 u

157 543 297 602 anxietate
321 542 414 603 levare
438 541 507 604 velit
530 541 697 622 discipulos,
720 563 792 624 quae
812 565 864 603 nos
883 565 913 603 an
934 543 1029 603 officio
1048 544 1187 623 praestando
1200 543 1235 600 in

152 620 244 701 perlit,
265 620 331 678 dum
349 618 455 680 scilieet
473 637 553 699 pares
573 638 625 679 nos
644 619 726 679 orteri
746 619 808 680 lore
826 619 984 680 diffidimus.
1023 621 1086 680 Non
1104 619 1167 699 quod
1181 640 1235 699 pror·

157 718 203 758 sus
227 715 343 756 securos
367 695 397 755 in
417 706 564 774 utramque
582 715 678 754 aurem
698 695 824 757 dormire
842 696 909 756 velit
934 695 1017 787 (quia
1035 694 1100 754 nibil
1117 694 1189 754 utilius
1202 705 1235 765 et,

158 793 241 852 quam
265 791 317 831 uos
361 771 472 853 copriae
493 770 659 832 infirmitatis
685 771 812 832 conscios
836 773 872 832 ad
897 773 1078 832 bumilitatem
1102 770 1197 842 institui,
1214 781 1233 828 ct

158 847 295 908 stimulari
313 792 495 927 adprecor),
514 847 564 908 sed
584 847 714 910 Christus
732 847 761 907 in
782 848 867 928 patris
884 847 977 910 sinum
996 869 1074 908 curas
1091 859 1180 906 nostras
1192 846 1232 904 rui

157 924 271 986 mendae
295 943 355 986 esse
379 923 526 997 admonet,
554 934 587 982 nt
608 923 708 984 anxilio
729 926 867 1004 promisso
888 923 988 986 confisi
1006 923 1129 984 alacriter
1143 923 1167 982 in
1181 942 1235 982 tuna

158 1019 316 1082 pergamus.
355 998 509 1060 Promissio
528 1010 623 1058 antem
643 999 702 1060 aliis
719 999 811 1072 verbis
836 1000 953 1081 ponitur
974 1000 1046 1091 apud
1069 1001 1173 1058 Lucan:
1199 1017 1237 1056 ms

158 1077 234 1156 qnod
252 1097 268 1134 a
287 1087 381 1136 morte
400 1074 567 1135 liberaturus
585 1075 622 1136 sit
641 1096 708 1167 suu}
719 1075 846 1138 Christus
865 1077 1032 1167 (boc-emm
1051 1083 1238 1166 nousempsrnt

157 1150 531 1307 :tittltt'utthtttl
542 1148 1240 1290 bttttttttattt‘ttttnlttttltlt

157 1303 261 1383 quendi
281 1302 440 1364 facultatem
458 1303 631 1384 suppeditat,
652 1323 707 1386 ego
726 1315 821 1364 umen
840 1251 907 1366 dim
930 1304 995 1366 istas
1015 1325 1100 1364 uoces
1176 1299 1258 1380 lppl»

156 1381 240 1459 lagen
264 1381 429 1440 coniunctas
455 1399 516 1442 esse
541 1381 727 1514 interpretor:
765 1381 822 1441 acsi
841 1380 982 1462 pollicitus
1003 1379 1117 1440 eseetss
1149 1379 1155 1392 “
1201 1395 1240 1448 ,st

156 1456 367 1516 moderaturum
388 1475 448 1516 esse
467 1456 594 1536 ipsorum
625 1456 732 1538 inguar,
752 1469 785 1516 ut
803 1458 957 1537 prudenter
976 1467 1007 1516 et
1026 1478 1061 1536 ap
1099 1455 1146 1514 site
1161 1471 1240 1530 repot-

156 1533 250 1593 deant.
301 1532 402 1606 Addit,
427 1531 500 1592 banc
518 1531 679 1611 sapientiam
700 1543 801 1592 contra
819 1554 918 1596 omnes
939 1534 1035 1594 hostes
1065 1551 1114 1592 ore
1130 1531 1243 1617 ricuino,

177 1609 220 1668 uia
240 1627 293 1669 nec
313 1607 507 1668 contradicere
525 1629 578 1668 nec
597 1607 727 1668 resistere
747 1619 890 1688 poterunt.
929 1610 994 1670 Non
1016 1608 1092 1688 qnod
1109 1605 1198 1666 veritati
1211 1623 1243 1662 ce

156 1629 204 1744 ilat
222 1703 321 1744 eorum
344 1685 524 1774 inpudentia,
543 1682 591 1744 sed
613 1684 677 1762 quia
696 1684 732 1745 de
752 1685 914 1763 phrenetica
931 1685 1059 1764 ipsorum
1067 1682 1167 1743 audacia
1175 1679 1243 1739 trinu

178 1760 254 1819 babit
273 1759 316 1818 illa
336 1774 452 1834 veritos,
472 1781 554 1839 qnam
576 1758 676 1820 trustra
695 1773 869 1842 oppugnant.
928 1765 1025 1838 Atque
1043 1760 1142 1820 ubuum
1159 1756 1243 1816 uben

156 1783 283 1894 luticiam
303 1835 504 1896 recumberent
522 1856 634 1908 omnes,
658 1857 674 1896 a
693 1835 795 1914 quibus
815 1835 935 1920 exigitur
956 1835 1024 1896 fidei
1047 1835 1184 1897 confessio:
1212 1829 1258 1916 alt,

157 1912 232 1970 euim
253 1911 373 1990 Spiritus
396 1911 486 1973 virtus
511 1922 541 1971 et
560 1911 686 1972 maiestas
703 1931 734 1970 se
753 1925 896 1974 exsereret
914 1913 949 1972 ad
968 1909 1177 1992 prosternendos
1191 1907 1258 1966 Sata-²

156 2009 209 2048 nae
237 1987 390 2048 ministros.
438 1989 523 2048 Nunc
546 1988 612 2048 dum
638 1987 739 2068 partim
763 2009 848 2050 seusu
891 1989 987 2066 roprio
1009 1987 1158 2060 ellerimur,
1179 1997 1201 2044 et
1213 1981 1258 2056 sul

155 2063 252 2143 perbia
271 2062 360 2124 inflati
378 2076 487 2125 temere
506 2063 673 2144 praecipites
693 2063 816 2137 ruimus,
833 2011 889 2125 acl
897 2064 968 2124 ultra
985 2063 1175 2152 progredimur
1189 2077 1258 2145 qna,

155 2151 284 2232 oportet,
309 2141 409 2232 partim
436 2160 505 2200 vero
528 2138 557 2198 in
576 2139 718 2220 argentias
738 2159 886 2220 perversae
905 2139 1060 2202 timiditatis
1077 2161 1126 2200 uos
1143 2147 1258 2206 coutet-t

154 2237 266 2354 arn
286 2214 800 2354 ‘fuircinianum
815 2213 1244 2354 atttnmmun

155 2336 291 2448 Spiritum
310 2369 400 2429 Patris
420 2314 480 2428 dise
503 2313 598 2446 qmpin
620 2367 704 2428 nobis
729 2367 867 2448 loquitur,
906 2367 952 2428 bic
976 2383 1073 2430 autem
1095 2389 1124 2429 se
1147 2387 1173 2425 os
1190 2329 1258 2421 datu-l

155 2467 217 2536 pum
238 2445 416 2524 pronuntiet,
445 2442 603 2525 colligimus
628 2443 776 2526 proprium
805 2444 865 2506 eins
889 2463 950 2505 esse
967 2467 1088 2522 munais,
1108 2440 1195 2525 Spiritu
1209 2455 1258 2496 ⁰⁰⁵*

153 2532 302 2583 amtrnecc.
1257 2529 1258 2582 ζ

154 2639 158 2644 -
230 2597 300 2656 Luc.
321 2599 367 2660 19.
406 2596 444 2656 In
461 2598 614 2674 patientta
636 2605 749 2656 oestro.
788 2595 845 2656 Hic
864 2591 952 2678 longe
971 2593 1057 2656 alium
1077 2593 1183 2655 tuendae
1196 2587 1258 2673 tlte]

153 2670 269 2732 modum
290 2672 453 2752 praescribit
473 2672 600 2733 Christus
617 2670 758 2762 discipulis
780 2671 851 2745 suls,
879 2693 960 2752 qnam
984 2674 1076 2734 dictet
1096 2667 1175 2732 carnis
1189 2675 1258 2724 utut

153 2747 325 2808 Naturaliter
343 2748 418 2808 enim
439 2747 522 2810 vitam
563 2748 659 2827 nisque
681 2769 709 2808 tn
730 2759 792 2808 tuto
810 2747 904 2808 locare
924 2747 1018 2828 cupit:
1048 2744 1182 2830 praesidia,
1194 2749 1258 2830 nutu}

154 2833 282 2903 putamus
306 2822 388 2883 nobis
413 2825 519 2903 optima
543 2770 621 2897 dore,
651 2823 716 2886 binc
735 2823 802 2884 iude
821 2823 979 2916 colligimus
997 2845 1112 2898 omues,
1133 2820 1258 2904 ‘lffltl

154 2919 241 2959 ornare
260 2897 395 2981 sugimus:
414 2901 536 2980 denique
554 2921 613 2960 nou
632 2899 763 2961 videmur
781 2899 863 2963 nobis
883 2923 979 2962 vivere
997 2899 1055 2962 nisi
1073 2897 1156 2981 probe
1168 2901 1258 2968 nunt,

154 2974 283 3037 Christus
307 2986 400 3034 autem
426 2975 498 3037 banc
522 2977 596 3036 vitae
619 2976 772 3036 custodiam
796 2975 881 3060 nobie
902 2976 1031 3052 mandat,
1061 2990 1092 3034 ut
1114 2991 1206 3052 semper
1221 2963 1258 3048 tlt

153 3063 277 3112 mortens
301 3051 421 3132 expositi
450 3073 504 3132 per
529 3053 626 3136 ignem
656 3065 685 3112 et
708 3073 806 3131 aquam
827 3061 855 3112 ct
874 3052 981 3133 gladios
1007 3050 1179 3112 ambidemus
1220 3039 1258 3118 llt

154 3139 234 3190 certe
253 3149 338 3190 nemo
356 3128 484 3216 spiritum
503 3151 584 3188 sunm
603 3148 672 3189 vere
694 3128 721 3187 in
740 3146 839 3188 manus
851 3129 909 3190 Dei
929 3141 1060 3208 reponet,
1078 3127 1128 3188 nist
1144 3123 1185 3204 qui
1195 3137 1244 3206 stp-

190 3205 257 3265 cul
277 3204 454 3264 moriendum
474 3215 583 3283 paratus
602 3202 632 3262 in
649 3203 726 3265 diem
745 3203 840 3264 vivere
861 3205 999 3268 didicerit.
1043 3207 1080 3266 lu
1097 3220 1202 3284 suumn
1216 3215 1243 3250 ¹¹¹·

152 3227 203 3342 bit
223 3301 276 3342 nos
296 3281 427 3343 Christus
446 3281 533 3340 vitam
553 3291 679 3342 nostram
699 3281 841 3361 possidere
860 3291 920 3350 tum
939 3281 991 3343 sub
1009 3299 1110 3354 cruce,
1131 3289 1181 3336 lum
1195 3281 1243 3330 llll

153 3357 275 3418 assiduos
294 3357 395 3418 mortis
415 3369 548 3416 terrores.

229 3433 330 3492 Mateta.
351 3437 397 3495 10.
438 3434 519 3492 Tune
537 3433 833 3504 scandalizabuntur,
875 3433 959 3492 Nunc
977 3431 1146 3494 tentationes
1162 3439 1242 3487 enatet¹

154 3519 212 3598 pat,
228 3529 311 3598 ,quae
335 3529 383 3598 ex·
394 3508 472 3599 unalis
496 3509 628 3600 exemplis
650 3509 825 3587 provenient
839 3585 848 3599 .
886 3508 965 3599 llaec
977 3522 1081 3600 'autern
1098 3503 1202 3596 violenta
1215 3505 1242 3582 ul

153 3604 289 3730 iiiiii
306 3595 341 3722 :l
356 3573 1241 3744 ltltlttltttttttltj'tlt''tlt'ttttttttltt’tllt

152 3735 197 3803 alii
220 3735 362 3795 deficiunt.
403 3736 521 3799 Videtur
543 3751 637 3796 autem
664 3737 732 3796 miti
757 3736 885 3800 Christus
910 3737 965 3796 boc
989 3735 1079 3796 verbo
1101 3732 1241 3815 multaspu·

152 3811 346 3871 turbationum
370 3811 478 3902 species
505 3812 669 3892 complecti:
708 3813 773 3892 quain
795 3833 852 3871 nun
874 3823 982 3872 tantum
1002 3812 1143 3883 deliciunt,
1163 3828 1198 3884 qn
1212 3823 1239 3883 ft:

153 3899 230 3948 ειιιιιι
255 3909 366 3948 craesum
392 3889 508 3968 ingressi
534 3901 627 3958 erant,
655 3889 704 3950 scrl
726 3887 805 3956 naultl
832 3902 1029 3966 exasperantur
1047 3887 1171 3950 adversm
1187 3877 1237 3970 llffjj

152 3976 235 4035 stum,
255 3964 298 4022 alii
322 3963 475 4024 modestiae
496 3977 524 4024 et
542 3965 687 4044 nequiitatis
708 3965 786 4025 obliti
805 3985 866 4024 sose
887 3963 915 4024 in
936 3965 1039 4024 rabiem
1058 3961 1200 4044 proliciunt
1211 3969 1235 4032 ιβ’

152 4039 353 4119 prolasrcscnnt
372 4053 401 4098 et
420 4053 525 4100 existunt
543 4061 656 4101 ouumm
678 4041 785 4120 pietatis
803 4063 926 4117 sensum,
943 4041 989 4100 ulii
1007 4042 1035 4100 in
1054 4040 1135 4100 rebus
1152 4030 1233 4104 ,natm

152 4117 289 4177 scelernm
309 4115 448 4178 licentiam
467 4117 519 4176 sibi
540 4129 682 4197 assnrpant.
1189 4185 1194 4194 ,

231 4196 275 4254 tl.
332 4195 424 4262 Multi
457 4194 728 4281 pseudoprophetes
766 4203 900 4274 surgent.
958 4193 1035 4254 llaec
1076 4185 1238 4250 admoniuo²

155 4265 249 4342 priore
272 4265 384 4340 dissert,
408 4267 456 4327 ubi
476 4267 611 4348 praedixit
636 4269 767 4330 Christus
785 4269 888 4330 multos
913 4269 941 4328 in
964 4291 1017 4330 suo
1040 4266 1149 4328 uottsiue
1169 4267 1240 4318 smtu·

152 4359 210 4403 ros.
247 4341 320 4400 Nam
343 4342 400 4404 illic
423 4356 530 4404 tantum
553 4345 589 4406 de
612 4345 814 4426 impostoribus
838 4365 933 4408 sermo
952 4357 1024 4423 mat,
1049 4342 1096 4425 qui
1113 4339 1241 4418 μιιιιοιιῦ·ι
