2536 4848
318 241 572 302 Aeosrononuu
590 251 791 304 msmumo.
1063 245 1123 313 u

35 385 136 522 lepisti
153 385 233 448 docet
250 373 402 448 ldsleelries
420 387 515 462 (M)
534 385 672 450 onnihoe
682 384 793 448 Christi
811 383 953 448 etnicos
969 385 1123 468 soumis

34 467 53 524 ic
84 483 131 524 unc
146 463 250 524 seilicet
268 461 355 522 finem
375 463 465 538 mitti,
484 474 517 522 ut
535 463 625 524 corde
646 475 761 542 petrum
783 473 959 522 convertant
977 461 1013 522 ed
1035 461 1109 524 filios

34 553 53 598 et
68 539 139 598 conlo
156 538 275 598 filiorum
295 539 329 599 ed
350 551 458 622 potres.
498 538 589 632 Atqui
610 540 768 618 impiorum
789 537 896 598 melitio
918 537 996 611 lecit,
1016 550 1088 632 utq

34 616 88 698 prius
105 615 239 675 coniuncti
260 627 343 676 erent
368 615 465 676 sedite
486 615 597 675 Christi
615 633 689 675 voce
708 625 883 693 reperentur
907 614 938 674 in
957 626 1121 678 cocturus

33 705 115 772 puter,
137 692 192 752 icoo
211 702 244 751 ot
262 692 360 752 omnis
380 691 603 754 necessitudinis
622 690 736 752 vinculo
757 690 942 772 disrumpent.
980 691 1121 772 lienique

34 790 59 830 co
73 766 229 828 confusionis
241 777 395 828 centorum
415 787 478 828 esse
498 768 638 828 mundum
659 767 800 846 praedicit
811 765 957 840 Christus,
977 769 1121 832 utomoie

32 857 118 904 naturae
135 846 192 904 iura
210 865 264 924 pro
285 843 377 904 nihilo
398 842 558 916 ducantur,
582 841 718 924 nullaque
738 843 862 922 emplius
882 843 996 903 coletur
1015 835 1120 906 hume-¹

31 921 88 980 ritu
120 919 187 979 llam
206 939 294 1000 quum
306 920 453 980 ldicheess
473 925 517 996 (t,
530 920 574 998 o.)
593 919 796 1000 conqueritur,
816 919 916 982 hostes
928 919 1035 1001 cuique
1058 938 1122 982 esse

30 996 183 1068 domesticos,
207 1007 363 1078 extremam
388 1007 419 1056 et
443 997 587 1077 perditam
610 995 833 1076 corruptione·
852 995 998 1076 deploret.
1034 998 1121 1063 idon

30 1073 124 1132 loturum
139 1073 260 1132 affirmet
280 1072 433 1147 Christus,
452 1072 504 1133 ubi
527 1073 558 1133 in
583 1072 711 1132 medium
737 1071 880 1151 prodierit
903 1093 954 1134 cue
974 1073 1122 1152 doctrine,

29 1149 82 1242 pud
98 1149 159 1210 aias
177 1148 318 1210 credibile
337 1167 400 1208 non
420 1159 494 1210 eret.
536 1149 642 1228 Neque
666 1159 763 1210 temen
784 1146 842 1208 hoc
862 1167 924 1212 esce
944 1162 1120 1230 perpetuum

30 1225 144 1307 intelligit,
161 1224 245 1286 sicuti
264 1225 377 1285 morosi
397 1225 513 1304 quidem
534 1225 667 1286 homines
686 1244 747 1288 non
769 1224 856 1284 iliter
873 1243 905 1286 se
924 1225 1039 1305 probos
1057 1229 1121 1292 eloe

29 1302 149 1380 discipulos
172 1301 238 1362 lore
267 1301 436 1376 somniem,
466 1301 523 1360 nisi
543 1321 560 1362 s
579 1297 766 1380 perentibus,
798 1299 900 1362 lilreris
925 1313 956 1362 et
982 1303 1121 1368 moritus

28 1379 166 1438 rlicncotur:
196 1378 268 1457 quio
301 1376 401 1456 potios
429 1378 525 1438 omnis
557 1375 687 1458 legitime
715 1376 887 1438 coniunctio
914 1377 982 1440 fidei
1008 1381 1122 1450 unitate

27 1455 128 1514 motor.
163 1455 294 1592 Trapez!
302 1453 446 1515 odaeum
456 1453 603 1530 Christus,
622 1451 787 1534 quotient
807 1451 932 1530 cedde,
949 1475 1013 1519 eoo
1026 1475 1119 1539 θροι-Ι

26 1541 68 1592 tec
82 1552 139 1594 suos
155 1542 187 1592 tu
267 1573 275 1588 .

52 1761 115 1846 (89.)
153 1763 324 1830 ΜΔΤΤΗ.
345 1765 383 1829 X.
423 1765 475 1829 37.
503 1764 573 1850 Qui
594 1767 748 1829 amaverit
769 1774 891 1850 petrem
913 1773 968 1831 eut
988 1778 1120 1836 matrem

25 1879 176 1946 supreme,
212 1885 283 1932 uon
314 1875 362 1930 est
388 1883 440 1929 me
468 1863 598 1950 dignus:
635 1866 740 1951 etqui
764 1869 917 1931 amoverit
941 1865 1044 1932 lilium
1066 1864 1123 1936 sut

24 1961 95 2030 iliam
111 1987 203 2052 supra
222 1987 291 2046 me,
313 1986 383 2032 nou
405 1973 454 2032 est
472 1987 526 2030 me
546 1963 670 2050 diguus.
711 1965 763 2032 38.
783 1965 825 2032 Et
838 1969 894 2054 qui
914 1975 983 2039 uolt
1004 1971 1123 2056 accipit

25 2085 116 2130 crucem
136 2089 239 2144 suem,
262 2087 304 2130 eo
323 2067 472 2152 sequitur
490 2087 556 2143 me,
577 2085 645 2131 non
671 2078 719 2132 eet
738 2089 790 2132 me
813 2066 938 2153 dignus.
953 2079 959 2092 ’
977 2072 1031 2136 ³9.
1052 2072 1122 2156 Qui

24 2166 148 2234 invenerit
167 2169 309 2232 enimam
327 2186 431 2246 suem,
453 2165 569 2254 perdet
592 2187 676 2232 com:
698 2169 753 2254 qui
774 2167 955 2253 perdiderit
983 2173 1121 2236 animent

23 2285 84 2332 usn
101 2288 295 2348 moccense,
314 2269 459 2332 inveniet
481 2288 563 2334 eam·
605 2269 656 2334 to.
679 2265 747 2352 Qui
768 2271 884 2354 recipit
905 2291 978 2348 vos,
996 2291 1047 2336 me
1069 2267 1121 2359 ναξ

23 2365 86 2450 cipit:
108 2371 211 2455 etqui
232 2387 289 2434 me
306 2370 438 2453 recipit,
458 2369 575 2452 recipit
591 2388 680 2444 eum,
700 2369 756 2454 qui
777 2389 829 2434 me
850 2371 943 2434 misit.
983 2370 1036 2435 41.
1055 2369 1122 2464 Qui
1165 2451 1169 2458 ι

22 2467 308 2556 recipitProphetem
329 2469 509 2536 innomine
524 2467 716 2554 Prophetae,
739 2467 922 2534 mercedem
936 2471 1122 2558 Prophetae
1252 2481 1257 2492 '

23 2570 138 2653 arripiet:
158 2571 214 2656 qui
234 2569 354 2655 recipit
374 2572 491 2636 iustum
513 2571 548 2634 in
568 2569 701 2637 nomine
721 2569 815 2641 iusti,
846 2571 1030 2638 mercedem
1046 2567 1122 2640 iusti

23 2671 131 2754 incipiet
168 2669 219 2738 to.
240 2671 286 2736 Et
306 2671 492 2757 quicunque
513 2665 756 2738 redhibendum
777 2667 907 2740 dederit
927 2677 984 2740 uni
1006 2695 1046 2742 ex
1062 2695 1123 2761 pte

21 2767 77 2834 cittis
98 2771 141 2837 his
166 2769 324 2860 poculum
351 2790 455 2858 equae
479 2767 631 2856 frigidae,
659 2779 782 2836 tentum
808 2775 942 2839 nomine
962 2773 1123 2864 discipuli
1259 2841 1264 2846 .

22 2887 87 2936 enen
104 2873 175 2940 dico
196 2869 303 2950 vohis,
323 2891 393 2943 non
413 2869 531 2960 perdet
551 2869 734 2938 mercedem
755 2895 855 2941 suum.

77 3001 207 3072 MARC.
228 3007 285 3073 tx.
327 3005 377 3072 41.
405 3003 565 3092 Quisquis
598 3007 684 3070 enim
715 3003 757 3072 ed
785 3003 966 3072 hibendum
993 3007 1123 3072 dederit

20 3099 87 3170 rutis
105 3105 236 3176 calicem
258 3127 361 3194 equae
382 3109 515 3174 numine
536 3125 625 3185 meo,
653 3105 743 3194 quod
768 3107 837 3172 sitis
861 3105 997 3187 Christi,
1028 3129 1122 3176 emen

20 3199 73 3269 dico
89 3205 186 3288 rolris,
205 3229 413 3296 nequequ-
434 3206 552 3294 perdet
571 3206 754 3274 mercedem
773 3225 873 3270 suem.

78 3339 171 3412 LUC.
192 3343 281 3409 xlv.
321 3341 373 3410 25.
398 3335 494 3410 lhent
515 3349 622 3409 eutem
642 3337 758 3406 turbae
779 3336 900 3404 multae
919 3358 991 3404 cum
1012 3359 1068 3430 eu,
1090 3347 1123 3409 et

19 3455 162 3509 conversos
184 3443 263 3510 dixit
285 3443 327 3509 sd
347 3442 439 3523 illos,
480 3443 531 3508 to
553 3442 590 3506 st
610 3443 684 3528 quis
704 3443 794 3506 venit
814 3439 856 3506 ed
877 3461 944 3519 me,
968 3461 1033 3506 uec
1051 3441 1124 3510 odit

18 3547 113 3618 petrem
132 3567 225 3610 suom
246 3565 285 3611 sc
305 3537 453 3621 minem,
486 3551 519 3607 et
545 3561 678 3607 uxorem
705 3551 737 3606 et
763 3539 867 3620 filios,
899 3550 932 3606 et
953 3539 1068 3608 iratres
1090 3552 1123 3609 et

18 3653 129 3724 sorores,
148 3656 320 3732 praetereo
341 3654 447 3712 sotem
470 3652 505 3710 et
524 3645 659 3707 enimam
681 3663 786 3722 suam,
816 3662 884 3709 non
914 3635 1122 3734 potestesse

17 3755 84 3805 meus
103 3743 286 3833 discipulos
328 3747 380 3812 27.
400 3744 443 3812 Et
463 3742 609 3829 quisquis
627 3759 698 3810 nou
722 3739 849 3809 heiulut
875 3763 1004 3811 erucem
1023 3765 1124 3825 soem

18 3847 41 3900 et
55 3847 134 3910 veuit
152 3855 228 3934 post
248 3867 308 3926 me,
328 3867 398 3913 non
418 3851 529 3934 potest
549 3863 641 3907 meus
662 3863 733 3908 esse
746 3841 932 3930 discipulus.
973 3844 1025 3909 28.
1037 3843 1123 3932 Quls

18 3943 83 4008 enim
103 3959 148 4013 est
169 3970 209 4014 cx
227 3947 331 4026 vobis,
350 3947 407 4034 qui
426 3943 507 4010 velit
528 3944 639 4009 turrim
659 3941 842 4022 aedificare,
864 3945 943 4032 quin
963 3948 1054 4028 prius
1071 3966 1122 4010 se-

18 4037 80 4107 dens
97 4059 256 4134 computet
276 4060 437 4135 sumptus,
457 4067 501 4114 eu
522 4043 657 4126 hebeat,
678 4043 796 4132 quihus
813 4065 897 4131 opus
918 4053 968 4110 est
988 4041 1033 4113 ed
1050 4065 1125 4130 per-

17 4137 188 4214 ficiendum?
226 4149 278 4216 29.
310 4149 364 4214 Ne
395 4159 567 4236 postquem
598 4149 744 4234 posuerit
769 4145 1028 4222 fundumentum,
1058 4162 1123 4208 nec

18 4247 135 4320 l⁰lt¹erlt
155 4249 323 4334 perlicere,
344 4269 465 4328 omnes,
486 4251 543 4336 qul
564 4247 719 4329 viderint,
742 4249 900 4336 incipient
920 4241 1060 4308 illudere
1083 4243 1124 4330 el,

18 4339 56 4406 to.
72 4346 228 4432 [licentes
246 4352 310 4420 Hie
328 4349 428 4422 homo
448 4353 558 4440 eoepit
570 4347 757 4432 aedificare,
776 4369 840 4418 neo
857 4346 963 4436 potuit
975 4361 1123 4422 cunerem
1257 4371 1258 4376 ¹
