2522 4852
169 249 208 312 56
365 233 517 302 SECTIO
537 235 594 298 m.
632 235 709 296 Iesu
728 209 877 296 narseus
896 251 938 296 er
957 248 1127 297 turtum.

172 383 259 468 quale
278 394 346 444 ante
367 385 428 444 eius
449 383 604 442 adrentum
625 380 801 459 patelactnnr
821 381 915 440 veteri
940 379 1051 462 populo
1078 379 1143 440 tute.
1180 378 1209 438 Si
1226 399 1252 440 re

173 475 308 523 constare
329 463 429 540 coepit
453 459 538 518 huius
565 459 691 518 nominis
712 461 801 531 ratio,
826 477 859 516 ex
880 478 939 538 quo
965 457 1101 538 apparuit
1121 455 1241 517 Christus

173 561 271 610 carne,
290 537 433 616 sequitur,
454 535 524 595 olim
545 555 606 594 non
627 534 658 593 in
677 534 815 608 solidum,
834 532 884 594 sed
907 545 1042 615 exparte
1062 533 1196 592 duntaxat
1205 534 1252 592 llcr

173 618 365 674 coniunctum
386 612 476 673 luisse
496 633 560 670 cnm
583 611 727 670 Patribus.
773 610 861 669 Unde
882 631 996 669 rursum
1017 609 1188 684 conficitur,
1212 610 1248 668 Ch

171 705 248 752 stum
270 711 331 750 esse
353 691 448 748 Deum
470 687 501 746 in
521 707 609 746 carne
628 687 851 748 manifestatum.
891 687 1022 746 Functus
1041 686 1161 765 quidem
1180 687 1252 746 estll

174 768 296 828 diatoris
318 765 418 826 officio
440 783 530 844 usque
551 763 586 821 ah
608 763 693 823 initio
714 765 826 835 mundi,
847 763 898 823 sed
920 764 987 842 quia
1008 761 1065 823 hoc
1087 773 1181 822 totum
1201 763 1252 822 aha

174 845 243 903 tinia
265 840 444 902 revelatione
465 839 623 919 pendebat,
644 853 714 899 tuuc
734 841 842 899 merito
856 839 972 898 demum
986 839 1066 918 quasi
1088 857 1164 898 nora
1183 859 1252 920 perso

175 921 296 980 indutus
328 931 449 978 vocatur
474 915 652 990 lmmauuel‚
678 937 766 996 quum
792 915 821 974 iu
849 916 975 974 medium
998 915 1144 974 Sacerdos
1164 933 1252 1008 proces

176 997 226 1075 qui
247 995 381 1076 corperis
401 994 445 1054 sui
461 991 578 1052 victima
599 993 750 1052 hominurn
772 1002 889 1072 peccata
910 992 1016 1072 expiet,
1036 992 1252 1072 sanguinisquet

175 1073 272 1152 pretio
295 1091 345 1130 eos
366 1068 539 1131 reconciliet
552 1069 644 1144 Patri,
666 1069 793 1148 denique
810 1089 911 1128 omnes
933 1067 1077 1128 humanae
1096 1068 1193 1128 salutis
1210 1089 1252 1148 par

176 1148 334 1226 compleat.
382 1145 427 1206 lta
482 1143 560 1202 riore
582 1145 701 1225 quidem
731 1145 799 1204 loco
831 1145 993 1225 reputanda
1020 1144 1109 1203 nobis
1136 1157 1179 1205 est
1200 1143 1252 1202 inl

176 1227 299 1284 nominc
319 1223 414 1283 divina
436 1166 546 1283 Christi
566 1223 709 1296 maiestas,
729 1233 762 1280 ut
782 1221 974 1280 reverentiam
994 1221 1070 1300 apud
1092 1241 1147 1281 nos
1167 1221 1252 1282 obtine

178 1321 253 1380 quae
275 1300 364 1360 unico
386 1298 510 1358 debetur
534 1309 564 1357 et
589 1311 711 1357 aeterno
732 1297 809 1358 Deo.
848 1297 907 1356 Sed
933 1297 1052 1356 minime
1078 1298 1194 1358 interim
1213 1316 1252 1376 nep

178 1375 291 1456 gendes
318 1387 361 1436 est
386 1375 512 1447 fructus,
545 1394 631 1455 quem
665 1373 733 1432 inde
763 1395 778 1433 a
805 1373 892 1432 nohis
912 1373 993 1434 Deus
1018 1372 1122 1468 colligi
1147 1397 1179 1434 ac
1193 1395 1252 1466 perc

177 1451 281 1512 volarit.
334 1451 462 1530 Quoties
494 1451 571 1510 enim
597 1451 693 1510 Deum
725 1461 755 1510 ct
784 1450 935 1509 hominem
967 1451 1164 1529 conspicuous
1193 1471 1252 1510 rna

180 1529 292 1590 Christi
316 1549 458 1610 persona,
490 1541 572 1586 certo
604 1539 734 1590 statuere
765 1524 851 1598 licet,
881 1526 978 1584 Deum
1004 1546 1059 1584 nos
1092 1528 1245 1609 possidere,

181 1604 301 1668 Christo
328 1607 386 1668 fide
412 1603 563 1666 coniuncti
588 1625 694 1663 sumus.
745 1603 837 1680 Quod
864 1603 894 1660 in
920 1602 1012 1661 serbo
1035 1603 1161 1663 wenedi
1187 1615 1252 1661 mutat

128 1713 132 1728 ·
181 1694 225 1740 est
246 1703 401 1756 numerus,
419 1680 538 1740 minime
560 1679 776 1738 dissentaneum
798 1690 842 1737 est
861 1677 896 1738 ah
916 1679 963 1753 its,
982 1699 1057 1762 quae
1078 1683 1158 1762 prius
1177 1681 1252 1738 disser

66 1797 77 1812 .
180 1779 266 1818 arnam
288 1758 405 1848 qpidem
427 1757 570 1836 virginem
591 1755 750 1836 alloquitur
770 1755 937 1835 Propheta,
957 1767 988 1814 et
1008 1755 1077 1815 ideo
1098 1756 1217 1818 secunda
1234 1775 1252 1834 pt

179 1847 383 1910 sonarutrtur,
405 1835 539 1894 Vocabis.
584 1833 643 1891 Sed
670 1854 704 1891 ex
723 1853 782 1912 quo
826 1830 1020 1912 romulgaturo
1042 1831 1100 1892 luit
1119 1833 1175 1891 hoc
1192 1853 1252 1890 nonu

181 1912 344 1972 communis
366 1911 481 1990 piorum
502 1910 632 1972 omniurn
653 1908 724 1968 haee
744 1853 890 1968 conleesio
910 1920 963 1986 est,
985 1909 1066 1988 qnod
1081 1909 1162 1974 Deos
1176 1928 1204 1967 se
1222 1927 1252 1964 nn

180 1985 338 2048 fruendum
358 1989 386 2046 in
411 1987 529 2046 Christo
551 1985 674 2044 dederit.

258 2067 304 2128 24.
343 2063 501 2122 Bucinum
519 2059 633 2138 loseph.
666 2061 873 2142 Promptitudo
886 2059 1032 2140 obsequii,
1052 2081 1130 2142 qnae
1148 2062 1193 2121 hic
1203 2061 1252 2118 dest

180 2135 271 2210 bitur,
292 2161 352 2200 nun
374 2138 524 2198 minusad
546 2139 707 2196 testandam
728 2137 933 2198 certitudinem
954 2137 1021 2198 fidei
1033 2139 1155 2220 loseph,
1174 2137 1252 2218 qnam

182 2213 370 2280 obedientiae
393 2215 506 2280 laudem
530 2215 613 2276 lacit:
641 2216 695 2275 nisi
720 2215 798 2273 enim
820 2226 968 2296 exemptus
997 2213 1101 2276 luisset
1122 2216 1208 2274 omnis
1224 2219 1252 2270 set

181 2291 270 2370 pulus
294 2291 448 2372 probeque
478 2291 576 2354 sedata
610 2292 670 2352 eius
697 2290 893 2362 conscientia,
923 2311 1076 2390 nunquam
1106 2293 1145 2352 ita
1169 2287 1252 2350 alacritl

181 2379 295 2428 ueritate
317 2381 440 2462 repente
462 2367 596 2441 consilio,
617 2387 735 2426 uxorem
757 2367 939 2446 sumpsisset,
961 2389 1042 2426 corus
1064 2361 1252 2428 contubernio*

204 2442 326 2504 olintum
353 2447 388 2506 rri
415 2465 511 2524 nuper
524 2445 682 2504 censebat.
726 2443 830 2522 Itaque
850 2445 967 2502 somnio
987 2445 1128 2524 impressa
1147 2444 1198 2504 luit
1213 2441 1251 2518 aliq

215 2521 350 2586 iriuitatis
372 2534 456 2590 nota²
476 2541 550 2599 qnae
572 2521 633 2580 eius
654 2519 781 2578 animum
801 2520 935 2580 fluctuari
958 2541 1018 2580 non
1039 2522 1159 2580 cineret.
1194 2519 1251 2606 Sept

179 2607 226 2656 tus
248 2609 291 2656 est
312 2597 420 2656 deinde
440 2595 507 2654 lrdei
527 2595 668 2670 effectus,
700 2593 779 2676 quod
804 2597 904 2678 agnita
924 2597 982 2657 Dei
1005 2597 1158 2658 voluntate
1179 2605 1251 2676 protu

182 2672 218 2730 ad
240 2673 400 2754 parendum
420 2693 451 2730 se
472 2673 602 2736 accinxit.

258 2755 305 2812 ²5.
344 2748 414 2806 Non
444 2751 576 2822 cognovit
604 2769 668 2805 enm
692 2761 742 2806 cte.
799 2748 893 2810 [luins
928 2749 988 2809 loci
1017 2761 1167 2830 praetextu
1194 2761 1251 2822 magt

182 2824 331 2898 qrrendaru
352 2825 452 2884 turbas
473 2824 567 2888 movit
579 2823 728 2884 Helvidius
749 2823 778 2882 in
800 2825 943 2886 Ecclesia:
965 2827 1045 2905 quod
1065 2827 1135 2885 inde
1152 2823 1251 2900 cotttgu

180 2901 302 2964 Mariam
325 2921 385 2960 non
408 2901 461 2960 nisi
482 2901 516 2960 ad
539 2901 664 2980 primum
685 2921 778 2979 usque
818 2913 912 2962 artum
932 2903 1076 2984 virginem
1097 2903 1191 2972 luisse,
1208 2901 1251 2976 posi

182 2987 279 3042 autem
307 2995 340 3033 ex
367 2981 472 3038 marito
498 2977 647 3040 sustulisse
673 2977 745 3037 alios
772 2923 892 3040 liheros.
930 2979 1079 3060 Perpetua
1100 2971 1251 3050 Mariaerirt

181 3053 257 3111 nitas
282 3053 388 3112 acriter
414 3065 443 3112 et
468 3055 588 3133 copiose
614 3055 650 3112 ah
672 3055 857 3138 Hieronymo
884 3055 1003 3114 defensa
1031 3055 1095 3116 luit.
1139 3045 1251 3116 Nobtsl

181 3151 274 3188 ununa
301 3129 441 3200 intectae,
471 3129 558 3190 stulte
584 3142 613 3192 et
633 3149 785 3214 perperam
812 3151 845 3188 ex
863 3129 959 3192 verbis
981 3131 1179 3214 Erangclistae
1200 3117 1251 3202 colli

182 3205 252 3284 quid
315 3217 342 3265 st
362 3205 511 3267 Christum
534 3219 631 3265 natunr
653 3207 821 3287 contigerit.
861 3208 994 3267 Vocatur
1013 3207 1251 3291 primogenitustt

181 3303 244 3342 nora
265 3284 319 3342 aia
341 3283 455 3342 ratione
476 3283 530 3342 nisi
552 3295 584 3340 ut
603 3284 741 3356 sciamus,
767 3301 800 3340 ex
820 3283 935 3364 virgine
955 3304 1017 3344 esse
1037 3297 1146 3344 natum.
1182 3279 1251 3356 Nega·

180 3355 291 3438 Ioseph
312 3379 374 3420 rem
395 3381 461 3418 cum
483 3378 516 3418 ea
536 3358 683 3431 habuisse,
703 3358 798 3418 donec
818 3361 947 3440 peperit:
969 3361 1026 3420 ltoc
1047 3377 1164 3442 quoprre
1182 3355 1214 3414 ad
1227 3349 1250 3411 id

181 3445 297 3514 ternpus
318 3435 517 3516 restringitur.
553 3435 634 3508 Quid
657 3447 757 3512 postea
778 3448 934 3515 sequutum
954 3438 1000 3511 sit,
1021 3459 1082 3498 non
1104 3436 1211 3496 indicat
1239 3425 1250 3482 l

182 3507 239 3570 lena
254 3529 316 3570 esse
328 3509 499 3590 scripturae
519 3531 604 3570 usum
622 3511 689 3570 satis
711 3521 814 3570 notum
836 3525 887 3572 est.
926 3513 965 3573 Et
982 3527 1062 3573 certe
1083 3532 1168 3574 nemo
1185 3523 1250 3582 unqu

182 3583 236 3675 hac
258 3585 294 3676 de
315 3606 347 3676 re
370 3588 570 3664 quaestionem
591 3586 724 3646 mevebh
742 3588 799 3647 nisi
820 3590 971 3654 curiosusz.
989 3609 1077 3653 neme
1097 3608 1166 3652 rere
1183 3580 1250 3668 perth

183 3674 258 3724 crter
277 3674 392 3726 resistet
413 3664 470 3726 nisi
489 3663 692 3728 contentiosus
712 3663 830 3728 rixator.

224 3927 309 4011 (16.)
350 3927 453 3996 LUC.
480 3929 518 3994 ll.
566 3930 595 3995 l.
628 3930 762 3996 Factum
792 3943 840 3998 est
867 3943 973 3998 autern
1002 3933 1117 4000 diebus
1140 3929 1250 4002 ittiaet

183 4027 323 4094 edictum
347 4051 366 4096 a
390 4026 533 4094 Caesare
555 4034 717 4118 Augusto,
745 4043 779 4112 ut
807 4045 994 4098 certseretur
1020 4039 1184 4100 universus
1210 4018 1250 4088 orl

182 4131 213 4194 2.
234 4131 326 4196 llaec
346 4130 521 4218 descriptio
541 4135 644 4219 prima
668 4134 753 4199 lacta
778 4143 826 4198 cst
848 4133 1001 4202 Praeside
1019 4137 1133 4223 Syriae
1154 4131 1247 4216 Cyreu

181 4232 212 4296 3.
234 4231 276 4296 Et
300 4229 392 4296 ibent
418 4255 531 4298 oruues
553 4245 587 4298 ut
607 4237 856 4320 profiterentur,
884 4237 917 4300 in
940 4257 1028 4302 suam
1051 4239 1181 4324 quisque
1200 4225 1246 4291 ciri

183 4339 257 4398 tem.
298 4331 329 4398 4.
354 4333 510 4401 Ascendit
533 4345 639 4400 auteur
670 4345 702 4400 et
723 4335 841 4422 loseph
869 4357 888 4400 a
911 4335 1064 4403 Galilaea
1090 4355 1129 4400 es
1148 4323 1249 4399 uchel
