2504 4852
143 207 185 272 au
351 202 464 269 sacr.
487 201 592 272 xliia
611 215 780 272 unuoms
797 215 841 270 ιτ
860 215 1055 271 smannens

142 369 209 444 gno
235 355 310 423 Dei.
352 357 407 424 lli.
432 356 477 424 At
501 357 573 446 ipse
600 355 680 424 dialt
705 357 752 437 ei,
777 357 886 424 Homo
911 355 1039 445 quidam
1059 367 1214 446 appararent
1241 341 1242 420 l

142 477 278 526 noenum
303 479 462 550 magnam,
495 465 529 526 et‘
552 460 681 527 vocavit
708 458 841 540 multos,
885 460 937 528 17.
968 460 1106 548 misitque
1127 479 1242 542 seram,

141 582 236 629 suum
257 559 338 630 hora
359 583 493 644 coenae,
513 571 550 628 ut
569 557 689 628 diceret
707 563 862 640 invitatis,
883 563 1014 632 Venites
1038 563 1102 650 quia
1118 563 1165 626 ian
1180 582 1218 646 pe
1241 545 1242 600 l

141 673 210 732 rata
235 675 310 732 sunt
337 666 454 732 omnia.
504 663 558 730 16.
585 663 627 730 Et
654 673 830 754 coeperunt
857 665 952 732 simul
978 686 1082 733 omnes
1102 683 1220 729 ermure

140 765 267 838 Primus
289 766 368 835 dixit
388 771 433 848 ei,
454 765 562 832 villam
583 769 658 848 emi,
680 777 713 834 et
733 788 865 833 necesse
887 777 936 836 est
957 767 1034 832 mihi
1053 768 1136 846 exire,
1152 774 1175 830 et
1189 767 1219 828 ri·

140 865 220 938 dere
239 869 339 940 illam:
359 889 443 958 rogo
465 878 511 950 te,
530 865 615 936 habe
635 889 687 936 me
709 881 900 939 enormium.
943 870 995 940 19.
1021 869 1061 937 Et
1081 867 1146 936 alter
1163 865 1220 942 dixit

132 973 220 1059 ,luga
240 971 340 1039 boum
360 973 424 1040 emi
443 973 604 1062 quinque,
631 981 665 1039 et
685 993 725 1040 eo
747 971 1015 1061 adprobandum
1034 971 1096 1038 tttn
1119 991 1183 1057 rogo
1196 981 1221 1043 ts

140 1072 225 1140 habe
245 1095 297 1141 me
318 1083 511 1142 excusatum.
553 1072 607 1140 20.
628 1073 670 1140 Et
685 1073 768 1142 alius
784 1073 871 1156 dixit,
892 1075 1033 1142 Uxorem
1047 1074 1122 1156 duri,
1139 1072 1242 1138 ιιίἀιιἶ

139 1195 207 1244 non
228 1197 362 1264 possum
382 1179 505 1246 venire.
545 1178 598 1244 21.
618 1177 662 1244 Et
681 1199 831 1246 reversus
851 1198 966 1244 servus
987 1178 1159 1244 renuntiavit
1173 1175 1242 1238 laer]

138 1277 273 1346 domino
294 1299 366 1350 eno.
396 1281 506 1348 ‘Tune
525 1281 625 1346 iratus
646 1279 875 1366 paterfamilias
898 1277 976 1346 dixit
996 1301 1087 1347 servo
1110 1300 1169 1356 sua,
1187 1277 1224 1341 liri
1241 1311 1242 1364 ι

140 1381 205 1450 olto
226 1383 260 1449 in
280 1379 405 1470 plateas
426 1392 458 1450 et
478 1385 568 1452 vicos
590 1379 695 1450 urhis:
718 1403 878 1472 pauperes
901 1403 939 1449 ae
961 1380 1098 1463 debiles,
1117 1376 1242 1445 ιΙιιιιι·1

138 1505 204 1570 que
224 1494 257 1554 et
277 1505 395 1554 soecos
415 1485 479 1552 huc
500 1483 659 1555 introduc.
702 1486 756 1553 22
784 1487 826 1554 Et
846 1487 891 1552 ait
911 1507 1036 1566 servus,
1057 1483 1182 1561 Domine,
1197 1479 1207 1544 l
1225 1472 1242 1568 ',

138 1593 225 1654 mum
247 1597 304 1668 oet,
327 1597 363 1654 nt
383 1590 553 1677 imperasti,
574 1597 606 1654 et
626 1585 733 1654 adhue
754 1587 848 1656 loona
870 1596 928 1658 est.
971 1587 1025 1654 23.
1046 1588 1087 1656 Et
1104 1589 1143 1654 ait
1160 1585 1190 1651 lo

140 1709 202 1756 nus
224 1710 337 1770 servo,
358 1690 422 1756 Exi
443 1692 476 1756 in
496 1693 566 1757 vias
588 1700 620 1758 ct
641 1711 750 1778 sepes,
773 1700 806 1758 et
826 1687 982 1780 compelle
1004 1693 1128 1770 intrare,
1150 1689 1197 1752 uti
1241 1689 1242 1726 i

136 1784 263 1881 plentur
291 1779 406 1858 domus
431 1813 511 1861 mea.
553 1792 607 1862 et.
631 1791 720 1859 Dico
746 1794 830 1858 euim
856 1791 968 1874 vobis,
998 1791 1087 1881 quod
1107 1666 1238 1895 osmod

135 1915 248 1964 rorum
268 1893 407 1972 illorum,
429 1897 485 1986 qui
505 1897 613 1962 vocati
635 1903 717 1976 sunt,
738 1892 877 1984 gustabit
898 1915 1033 1963 coenam
1054 1914 1156 1963 meam.
1241 1919 1242 1954 ι

213 2037 316 2102 Maean
336 2041 364 2102 1.
381 2041 443 2130 ‘m
464 2039 639 2130 remordens
654 2039 750 2102 Iesus.
785 2035 912 2130 Tametsi
921 2038 1080 2130 Matthaeus
1096 2037 1160 2100 hanc
1174 2057 1207 2116 pu

136 2109 231 2177 bolam
254 2115 356 2178 recitat
380 2129 457 2176 anter
481 2115 550 2177 altos
578 2137 725 2177 sermones
749 2135 765 2176 a
790 2113 907 2176 Christo
931 2116 983 2178 sub
1011 2116 1135 2176 ultimum
1155 2115 1179 2175 l²
1198 2142 1241 2173 ιι,

136 2189 257 2267 habitos,
276 2191 341 2273 quia
358 2202 454 2254 tamen
474 2191 580 2252 nullum
600 2193 729 2274 designat
747 2203 869 2269 tempus,
884 2193 975 2253 Lucas
995 2205 1089 2254 autern
1108 2193 1191 2252 diserte
1222 2207 1225 2216 ¹

135 2265 238 2344 fimat,
256 2289 344 2348 quum
361 2269 553 2336 discumberet
570 2268 601 2332 in
613 2289 713 2332 mensa
723 2265 873 2344 Pharisaei,
892 2268 933 2330 sic
946 2267 1094 2348 loqnntnm
1108 2266 1193 2342 esset
1232 2303 1233 2306 =

135 2342 231 2426 petitu
250 2345 379 2408 ordinem
398 2366 428 2408 se
449 2345 477 2405 ni
495 2344 586 2407 vbum
605 2356 657 2408 est.
687 2345 781 2426 Rorru
800 2345 864 2424 quia
879 2343 1016 2406 lllatthaei
1037 2343 1171 2408 consilium
1190 2368 1198 2395 a
1215 2352 1227 2422 *j

136 2421 288 2482 ostendere
307 2419 408 2502 quihus
430 2367 467 2484 de
487 2421 575 2482 causis
595 2419 626 2482 in
649 2432 803 2484 extremam
823 2420 931 2482 rabiem
949 2422 1063 2483 accensi
1087 2431 1168 2484 essent
1221 2437 1224 2447 ·

135 2494 202 2571 bae,
221 2496 298 2557 inter
315 2497 430 2559 odiosos
450 2499 509 2560 eius
528 2514 676 2560 sermones
697 2497 772 2558 hune
794 2515 909 2577 qnoque
927 2509 984 2558 tem
1008 2497 1098 2560 entire
1113 2493 1198 2581 postlla
1217 2532 1220 2537 >

134 2570 350 2640 incensatum
369 2573 498 2649 inseruit,
517 2573 652 2656 neglecto
670 2573 808 2656 temporis
828 2574 938 2636 ordine.
996 2576 1099 2636 otenda
1116 2584 1155 2642 est
1168 2593 1213 2630 au

133 2649 237 2710 Lucae
257 2649 397 2728 narratio,
422 2651 498 2732 quod
533 2673 621 2731 quum
642 2670 715 2712 unus
736 2671 770 2712 ex
789 2650 917 2712 convivis
936 2650 1064 2726 dixisset,
1087 2651 1174 2711 beatos

133 2723 183 2862 31,ιί
204 2743 307 2816 panem
326 2725 480 2788 comedunt
499 2693 528 2786 hr
549 2725 717 2812 reguoDei,
737 2725 867 2789 Christus
887 2725 952 2788 inde
967 2727 1079 2788 Iudaeis
1097 2743 1173 2806 erpro

170 2819 186 2860 e
204 2800 412 2882 ingratitudinis
433 2802 615 2864 occasionem
635 2803 795 2888 sannpserit.
836 2802 1008 2884 Quanquam
1032 2815 1124 2864 aetem
1141 2801 1202 2860 vire

133 2873 220 2938 dibile
238 2887 295 2952 esc,
318 2877 461 2944 Pharisaei
480 2877 623 2970 hospitem
647 2891 677 2942 et
700 2880 822 2942 amicum
844 2879 920 2940 serio
944 2878 1202 2960 pletails‘alleetn·

132 2951 207 3039 plsac
225 2951 255 3019 iu
277 2951 349 3016 hanc
368 2975 484 3030 vocem,
509 2955 579 3020 malti
597 2969 694 3018 tannen
713 2977 774 3016 non
792 2955 905 3018 videtur
926 2977 987 3018 esse
1006 2953 1187 3024 subsannatio,
1215 2988 1219 2997 ι

132 3039 166 3090 nt
184 3027 313 3091 homines
331 3030 470 3092 mediocri
493 3029 548 3093 fide
571 3031 671 3108 tincti,
695 3053 749 3094 nec
768 3031 858 3112 palam
878 3031 968 3118 impii,
994 3055 1096 3093 secure
1118 3029 1183 3118 inter
1215 3054 1217 3069 ι

132 3103 194 3166 cula
213 3107 248 3168 de
267 3105 325 3166 vita
342 3118 456 3168 aeterna
496 3109 586 3170 arrire
603 3108 706 3183 solent,
727 3108 865 3184 existimo,
884 3109 918 3168 ab
935 3109 991 3170 boe
1006 3106 1180 3170 bomineinte
1198 3128 1214 3150 ··‘

132 3179 220 3274 halese
238 3203 401 3248 sermonem
419 3185 456 3248 tle
475 3127 570 3247 lutura
591 3184 779 3260 heatitudine,
802 3196 836 3246 ul
853 3184 975 3247 vicissim
993 3184 1100 3266 aliquid
1117 3206 1131 3243 a
1149 3181 1184 3242 ch
1198 3177 1220 3207 '·

131 3256 257 3328 eliceret.
295 3261 334 3321 Et
353 3259 441 3323 verba
460 3261 518 3322 eius
537 3261 676 3336 indicant,
697 3261 766 3328 nihil
786 3260 841 3322 nisi
861 3281 983 3326 crassum
1003 3282 1038 3326 ae
1057 3269 1181 3322 terrestre
1195 3275 1212 3311 ³

212 3358 219 3394 ι
267 3356 282 3396 e
323 3357 338 3397 e
361 3337 437 3402 enim
457 3335 651 3424 metaphorice
671 3337 778 3398 Panem
798 3339 883 3402 edere
904 3337 974 3398 dixit
993 3357 1048 3430 pro
1068 3335 1135 3402 Frui
1151 3343 1218 3418 aatr¹

130 3409 232 3494 gloria,
251 3433 280 3472 se
309 3411 422 3474 videtur
431 3414 584 3480 somniasse
594 3413 691 3478 nescio
709 3433 794 3493 quem
812 3425 917 3476 statum
930 3413 1006 3476 felici
1025 3433 1123 3478 rernm
1140 3429 1215 3470 ¹⁰mnt

131 3485 277 3566 opulentia
295 3487 443 3552 relietum.
482 3491 588 3552 Sensus
606 3502 702 3550 tamen
718 3502 769 3564 est,
790 3491 889 3552 beatos
909 3489 973 3554 lore
991 3491 1039 3572 qui
1059 3487 1219 3573 panellos

130 3572 255 3638 aeentur,
296 3575 424 3643 ostqnam
443 3563 514 3627 filios
534 3586 600 3627 snos
619 3567 650 3626 in
669 3587 790 3650 regnum
809 3588 890 3630 suum
910 3563 1067 3650 collegerit.

206 3639 233 3700 2.
258 3584 364 3700 riimile
374 3641 500 3717 socium
519 3653 565 3706 est
585 3665 707 3725 regnum
727 3645 880 3704 coelorum.
922 3641 1162 3718 Quemadmodum
1172 3635 1214 3714 δρᾶ

128 3723 212 3775 tanus
229 3713 279 3781 ille
297 3714 367 3778 olim
387 3717 470 3792 duit,
491 3719 682 3783 Athenienses
701 3720 787 3793 scire,
807 3739 880 3800 quae
896 3732 974 3780 reeta
994 3713 1196 3792 essent,sed11
1217 3724 1218 3733 ’

130 3787 240 3864 lacere,
263 3791 304 3853 ita
327 3792 373 3854 laic
392 3794 502 3859 Iudaeis
527 3795 656 3858 Christus
684 3795 850 3877 exprobrat,
874 3795 1030 3878 praeclaras
1054 3793 1162 3874 qnidam
1181 3787 1219 3872 ip

129 3867 166 3928 de
185 3887 277 3960 regno
289 3869 344 3934 Dei
363 3890 449 3934 voces
469 3873 562 3948 edere,
585 3873 634 3950 aad
653 3873 720 3932 dum
740 3893 789 3932 eos
808 3873 842 3934 ad
863 3893 893 3932 se
913 3872 1038 3956 henigne
1058 3883 1088 3930 et
1106 3867 1224 3928 humant

129 3941 209 4004 Deus
229 3943 339 4019 multat,
359 3947 545 4028 contemptim
564 3968 595 4009 se
613 3967 747 4040 respuere
767 3947 826 4015 eius
845 3948 972 4030 gratiam.
1010 3939 1237 4026 Neqnsenimdy

129 4018 208 4080 bium
228 4031 279 4096 est,
298 4022 367 4102 quin
386 4023 506 4088 Iudaeos
525 4025 692 4088 nominatam
711 4025 893 4107 perstringat,
913 4023 1052 4086 utrnelius
1062 4019 1165 4104 patebit
1173 4035 1209 4096 pa

32 4137 37 4143 -
130 4107 205 4181 post.
246 4095 399 4162 Caeterum
418 4099 474 4160 hoc
492 4121 509 4162 a
527 4099 604 4164 Luca
623 4101 721 4164 dillcrt
740 4101 907 4176 Matthaeus,
926 4102 1003 4181 qnod
1020 4099 1122 4162 mttltas
1140 4093 1190 4155 circ
1211 4118 1219 4139 a

130 4173 247 4234 nuntias
258 4194 291 4234 ex
311 4175 397 4249 rimlt,
434 4198 500 4236 num
519 4175 567 4238 ille
587 4178 744 4241 summatim
763 4189 793 4240 et
811 4178 841 4240 in
861 4197 968 4259 genere
987 4187 1096 4236 tantum
1113 4193 1168 4236 reati
1193 4189 1220 4254 ¹.'

130 4259 227 4328 P⁰¹¹³l=
272 4195 322 4310 Sic
347 4197 506 4342 Maliacus
530 4271 547 4312 a
575 4273 645 4338 rege
671 4253 782 4334 nuptias
809 4251 859 4312 filit
889 4253 1041 4320 celebratas
1069 4247 1151 4310 luisse
1172 4191 1228 4304 dc

131 4325 204 4410 ‘lind
227 4323 334 4389 Luem
351 4327 516 4410 Simpliciter
534 4329 567 4392 stt
584 4329 709 4396 convivii
727 4329 846 4397 nertin
884 4329 938 4397 itta
955 4327 1048 4418 plnres
1064 4343 1159 4392 serens
1175 4340 1220 4382 tvo»
