2502 4854
312 805 780 906 ARGUMENTUM

192 991 244 1062 tu
274 993 628 1066 evaseserunt
662 997 896 1069 rotulus,
998 997 1004 1008 ·

437 1195 658 1212 ψ

27 1313 87 1442 Qut
101 1369 229 1452 significet
247 1372 368 1436 Graecis
386 1373 533 1460 Evangelii
551 1393 667 1448 nomen,
690 1375 756 1438 satis
777 1387 879 1440 notum
899 1389 951 1442 est.
989 1379 1023 1442 ln
1034 1380 1113 1442 Seri-

24 1473 73 1542 em
88 1485 148 1526 vero
166 1465 218 1526 κατ’
234 1471 328 1543 italia
347 1487 400 1548 pro
418 1465 493 1529 laeto
519 1478 549 1528 et
574 1465 649 1528 felici
673 1467 815 1530 exhibitae
834 1469 918 1532 nobis
942 1471 971 1531 in
997 1471 1113 1535 Christo

31 1553 93 1634 pede
110 1556 205 1619 nuntio
222 1559 341 1640 capitur,
362 1571 394 1621 ut
408 1560 556 1636 diseamus,
574 1571 743 1642 contempto
762 1562 869 1624 mundo
888 1573 919 1623 et
930 1561 1041 1625 oaduds
1055 1564 1115 1626 eius

30 1645 88 1726 qiu
102 1670 131 1711 ae
147 1649 259 1729 deliciis,
279 1653 500 1734 incomparabile
518 1653 574 1716 boc
591 1651 701 1714 bonum
721 1664 786 1716 toto
806 1653 899 1718 oord'u
910 1654 1016 1716 allento
1028 1676 1115 1738 appe·

28 1745 61 1798 let
75 1741 238 1826 oblatmaque
257 1746 421 1828 complecti.
463 1745 551 1822 Quod
569 1743 706 1827 profanos
724 1745 852 1808 homines
872 1746 965 1810 lacere
979 1747 1114 1826 videmus,

23 1833 73 1894 tin
85 1837 149 1898 vanis
166 1837 262 1900 mundi
282 1840 391 1926 gaudiis
409 1840 632 1920 intemperanter
651 1838 801 1916 exsultent,
819 1838 897 1902 nullo
910 1853 959 1902 aut
977 1861 1114 1924 perquam

21 1921 89 2008 &iguo
103 1929 279 2010 spiritualium
299 1931 443 1994 bonorum
462 1953 545 1996 sensu
565 1942 727 2015 tangantur,
747 1931 878 1996 omnibus
897 1933 959 1996 iere
977 1933 1061 1998 nobis
1072 1945 1114 1996 est

21 2011 142 2098 figendum.
177 2025 257 2110 Ergo
278 2026 377 2102 Deus,
400 2038 435 2087 ut
452 2025 550 2086 vitium
570 2026 628 2086 boo
648 2024 789 2110 corrigat,
809 2025 955 2102 nuntium,
974 2047 1058 2108 quem
1077 2027 1114 2088 de

15 2107 98 2211 'buu
113 2115 239 2196 publicam
266 2117 361 2194 iubet,
391 2115 538 2202 Evangelii
561 2116 678 2178 numine
698 2119 876 2198 peculiariter
895 2119 1019 2203 insignit.
1068 2121 1116 2182 Ita
1175 2187 1178 2192 ,

21 2201 70 2266 m'm
82 2207 213 2287 admonet,
245 2233 310 2274 non
328 2210 393 2272 alibi
411 2231 512 2274 verum
539 2223 569 2272 et
587 2209 707 2272 solidum
727 2211 859 2295 gandium
879 2233 961 2292 posse
980 2213 1115 2290 obtineri,

14 2304 41 2354 Ι
58 2321 108 2360 sane
132 2301 160 2364 in
186 2305 250 2386 ipso
285 2302 442 2385 completos
474 2302 611 2364 babemus
636 2323 736 2365 omnes
757 2303 855 2366 beatae
877 2305 954 2368 vitae
972 2325 1114 2368 numeros.

20 2383 104 2462 Μ·
120 2396 261 2483 Evangelii
282 2417 389 2459 nomen
408 2395 443 2458 ad
462 2396 596 2480 gratuitas
616 2417 715 2459 omnes
726 2397 782 2458 Dei
801 2397 1001 2479 promissiones
1018 2412 1115 2460 exten-

20 2475 75 2558 brt,
95 2509 157 2570 quae
174 2509 287 2572 sparsae
305 2500 373 2552 sunt
390 2489 474 2550 etiam
496 2487 525 2548 in
542 2489 623 2572 Lege
643 2501 672 2550 et
691 2489 852 2572 Prophetis.
889 2493 953 2554 Neo
972 2511 1042 2554 vero
1062 2513 1115 2553 ne-

19 2577 103 2658 gandum
119 2594 165 2659 est,
181 2584 295 2665 quoties
314 2603 345 2644 se
363 2582 444 2644 Deus
462 2581 623 2662 propitium
643 2581 803 2648 hominihus
824 2584 888 2648 iore
908 2596 1027 2646 testatur
1049 2584 1115 2647 illia·

21 2681 53 2746 l&
67 2689 161 2752 pecata
179 2675 312 2752 remittit,
331 2675 399 2756 quin
413 2674 559 2738 Christum
579 2673 661 2736 simul
682 2675 796 2753 ollerat,
815 2679 893 2740 ouius
906 2679 1051 2760 proprium
1064 2692 1115 2756 est,

17 2755 135 2850 &meque
154 2768 292 2855 aiiulget,
315 2767 435 2830 laetitiae
454 2767 547 2830 radios
566 2766 735 2832 diffundere
775 2773 879 2834 Fateor
897 2791 986 2857 ergo,
1016 2773 1115 2836 Patres

17 2853 105 2927 deden
121 2863 267 2926 nobiscum
287 2861 449 2946 Evangelii,
473 2871 608 2942 quantum
627 2861 661 2921 ad
681 2865 819 2946 gratuitae
835 2863 928 2930 salutis
947 2865 1031 2926 fidem
1050 2886 1116 2948 spe-

20 2957 64 3020 ²¹⁸«
85 2969 220 3020 mutones
242 2955 338 3018 luisse.
381 2957 504 3032 Verum,
533 2954 599 3036 quia
618 2955 741 3034 Spiritus
756 2957 787 3018 in
805 2957 960 3040 scripturis
979 2959 1020 3020 ita
1038 2957 1115 3040 loqui

19 3039 74 3118 Μ,
104 3049 201 3112 Christi
234 3049 349 3110 demum
374 3047 497 3110 adventu
526 3047 697 3130 publicatum
721 3048 806 3112 luisse
829 3051 1029 3134 Evangeliurn,
1064 3073 1116 3112 nos

19 3146 95 3218 lfll'ttt
114 3141 180 3206 hnc
199 3141 339 3226 loquendi
359 3141 478 3204 lormam
503 3141 681 3202 retineamus.
720 3141 828 3203 Arilla
848 3143 883 3203 sit
900 3142 1047 3226 Evangelii
1066 3143 1116 3204 de-

20 3221 86 3306 fiffiu
100 3258 174 3318 qmm
195 3237 289 3320 posui,
310 3237 428 3299 solenne
447 3254 508 3298 erse
527 3234 561 3296 de
580 3233 718 3317 patefacta
738 3233 766 3294 io
790 3233 906 3296 Christo
927 3235 1017 3318 gratia
1034 3255 1117 3316 prae-

22 3322 105 3388 usim
147 3329 213 3407 Qua
240 3331 351 3392 ratione
376 3340 496 3393 vocatur
521 3327 705 3414 Evangelium
725 3327 781 3388 Dei
800 3329 925 3408 potentia
946 3330 975 3390 in
998 3327 1115 3390 salutern

20 3415 207 3500 minuenti,
229 3423 295 3506 quia
314 3424 392 3486 Deus
413 3421 546 3485 iustitiam
568 3421 623 3484 illic
641 3443 720 3484 suam
739 3421 904 3482 manifestat.
943 3423 1069 3482 Vocatur
1088 3435 1118 3484 et

19 3493 100 3588 hu,
115 3537 166 3596 qu
183 3517 238 3578 sss
257 3517 388 3579 tamnu
409 3513 581 3578 recoluisse
620 3515 724 3590 euno,
743 3515 875 3596 quonum
896 3514 1026 3578 cerutus
1045 3515 1117 3580 stus.

18 3611 51 3656 Ν
64 3605 253 3672 misericordiae
273 3610 441 3693 paternique
459 3610 489 3670 in
509 3629 563 3670 nos
581 3607 684 3669 amoris
707 3608 808 3694 pignus
828 3619 887 3685 est,
913 3607 979 3669 ideo
999 3618 1028 3668 et
1047 3629 1115 3689 pro·

19 3689 107 3768 Vitat
127 3703 270 3789 Evangelii
296 3703 423 3766 materia.
468 3699 545 3764 Hine
570 3700 676 3762 lactum
701 3713 759 3776 est,
788 3712 821 3762 ut
844 3699 990 3786 Evangelii
1009 3721 1115 3763 nornen

19 3787 154 3858 diffinite
172 3795 351 3860 obtinuerint
371 3793 516 3873 historiae,
540 3815 611 3878 qnae
631 3791 778 3856 Christum
796 3792 954 3875 apparuisse
973 3793 1002 3854 in
1023 3813 1116 3866 carne,

16 3889 122 3948 *devm
139 3901 167 3950 et
183 3911 200 3952 a
218 3899 313 3952 morte
331 3888 491 3952 suscitatum
511 3909 544 3949 ao
564 3889 677 3948 taudem
697 3887 726 3948 in
750 3885 845 3948 coelos
864 3897 1012 3968 receptum
1031 3886 1116 3948 luisse

16 3983 104 4040 mnne
144 3981 314 4064 Quanquam
339 3982 414 4044 enirn
440 3979 595 4046 secundum
621 3980 760 4042 rationem
785 3999 875 4062 nuper
892 3979 1039 4042 adductam
1060 3979 1116 4040 hoe

14 4065 101 4130 ”mlle
118 4087 244 4138 ematur
261 4077 378 4138 Novum
396 4078 628 4151 Testamentum,
658 4097 723 4136 usus
741 4085 837 4135 tamen
857 4071 993 4146 obtinuit,
1012 4081 1044 4130 ut
1065 4087 1117 4150 per

19 4163 173 4232 sumum
189 4169 230 4231 sie
245 4182 367 4231 vocetur
385 4189 446 4250 pars
466 4167 532 4244 ista,
552 4187 623 4250 qnae
645 4166 791 4229 Christum
810 4163 892 4227 nobis
911 4163 940 4224 in
964 4181 1047 4224 carne
1068 4181 1115 4222 es-

17 4236 105 4318 hbitun
123 4273 261 4324 mortuum
285 4281 347 4324 esse
368 4273 398 4322 et
422 4282 455 4322 ex
475 4273 570 4322 morte
590 4259 768 4322 resurrexisse
788 4270 912 4319 testatur.
1014 4263 1116 4329 lerum,

21 4341 61 4412 ill·
78 4371 128 4414 uon
143 4355 284 4418 sufficeret
303 4353 377 4418 nuda
397 4354 526 4428 historia,
543 4353 600 4415 imo
620 4353 654 4415 ad
674 4351 789 4415 salutem
802 4349 868 4410 nibil
881 4344 970 4430 prod'
1057 4366 1115 4408 non
