2522 4852
314 253 370 318 ras
410 245 565 310 somnum
585 244 729 330 inepti.)
1051 251 1090 314 n
1125 196 1137 209 ’

12 401 90 464 ud,
110 391 172 482 qaia
187 387 298 452 loaeim
341 403 406 483 ater
425 393 504 528 repis
522 388 646 500 lonchin
672 411 829 500 ιοιιιιιιιιιιει
849 390 1008 452 lechoniae
1032 411 1087 480 aro·

7 465 1087 680 pertentattta:‘prenestemtentet„„tt

54 704 88 760 tt
119 695 183 758 Pur
199 694 563 776 antimBatytontcum.
603 700 670 760 Hoc
691 711 745 774 est,
766 710 922 780 postquam
933 693 1035 756 Iudaei
1055 695 1085 755 in

6 769 152 850 nptiritatena
180 773 299 834 abducti
323 785 401 836 sunt.
451 773 606 856 Significat
631 773 709 835 enim
736 775 938 858 Evangelista,
967 773 1086 832 Davitlis

6 863 97 926 μιιιοι
119 863 184 910 tune
210 869 243 909 ex
268 851 389 932 regibus
417 871 517 912 servos
543 852 636 911 laetos
666 871 730 912 esse
760 865 792 910 et
816 851 935 912 exsules.
988 851 1085 909 Porro

6 949 60 1002 pan
80 925 119 986 illa
144 927 291 1007 captivitas
312 927 455 1008 quaedam
476 940 553 988 esset
572 929 706 988 interitus
731 929 856 1009 speeies,
881 925 1008 986 mirabili
1028 925 1089 1004 Ilei¹

7 1001 137 1078 petilentia
155 1003 262 1063 samum
284 1017 340 1080 est,
362 1025 423 1064 noo
444 1005 534 1064 modo
556 1017 588 1064 ut
608 1027 721 1064 rursum
733 1005 834 1065 ludaei
855 1005 885 1064 in
906 1025 997 1064 unum
1018 1023 1085 1062 eor·

9 1079 234 1154 puroaleseerent,
254 1081 307 1138 aed
329 1080 418 1140 etiarn
439 1093 471 1138 ut
491 1081 603 1159 aliquae
625 1081 802 1161 principatus
823 1077 963 1160 reliquiae
983 1100 1084 1138 ruane-

9 1167 47 1212 rnt
58 1155 81 1214 io
97 1155 191 1216 sensilia
199 1155 332 1216 Doridis.
362 1151 437 1216 Nam
451 1157 500 1236 qui
512 1155 631 1216 domum
652 1153 761 1218 reversi
780 1169 859 1232 sunt,
879 1157 957 1216 ultro
978 1175 1084 1234 parue-

7 1245 48 1288 mt
70 1234 173 1310 inperio
202 1231 382 1294 Serultalael.
426 1232 580 1292 Durarunt
604 1255 677 1315 ergo
705 1233 782 1293 hunc
809 1232 838 1292 in
864 1233 985 1292 modum
1010 1231 1084 1312 regii

7 1308 73 1382 aeptri
88 1309 246 1390 fragmenta,
267 1329 363 1388 usque
384 1307 453 1368 dum
474 1301 585 1370 Christi
604 1311 744 1371 adventus
766 1305 903 1382 instaret,
923 1307 1084 1368 secundnm

7 1383 122 1444 tationiarn
136 1383 244 1458 lacot,
264 1386 338 1445 Non
360 1385 450 1444 exibit
468 1398 616 1466 sceptrum
636 1407 653 1446 e
675 1381 762 1461 luda,
783 1407 837 1446 ner.
858 1381 913 1444 tlux
934 1405 950 1444 e
971 1384 1085 1444 temore

8 1461 52 1544 titt
65 1457 368 1522 &netreniatSclailo
389 1457 484 1540 (Gen.
495 1469 546 1538 «to,
566 1469 634 1538 10.).
662 1463 760 1542 Atque
780 1463 809 1520 in
832 1461 879 1521 illa
900 1459 1084 1542 quantumvis

12 1537 145 1596 umetis·
166 1558 202 1598 ue
232 1536 339 1618 populi
360 1537 549 1618 dissipatione
570 1561 719 1618 nunquam
739 1551 838 1598 tamen
861 1537 973 1621 l'nlgere
994 1537 1084 1595 desti·

16 1617 129 1674 tmatto'o
143 1616 149 1628 ’
163 1617 207 1676 lae
229 1615 377 1694 quaedam
403 1615 513 1695 gratiae
532 1615 599 1675 Dei.
645 1615 792 1676 Graecum
814 1635 922 1676 notaren
943 1615 1086 1690 ριιιοικε·

12 1692 112 1766 ὢιῐλριι
128 1713 182 1771 quo
203 1704 292 1753 vetus
311 1690 458 1770 interpres
479 1692 778 1774 transmigrationem,
799 1693 934 1751 Erasmus
954 1691 1084 1749 exsilium

9 1765 80 1836 tellit,
96 1769 202 1850 poprie
229 1777 375 1828 mutatam
401 1767 613 1828 habitationem
638 1769 790 1850 significat.
830 1767 976 1850 intelligit
1000 1787 1083 1842 ergo,

7 1839 85 1930 ludaeos
100 1863 113 1902 e
129 1846 216 1924 patria
236 1844 368 1925 migrare
388 1856 507 1906 coaetos
528 1844 627 1922 luisse,
646 1857 680 1906 ut
699 1843 769 1906 alibi
788 1857 927 1924 tanquam
947 1843 1083 1924 inquilini

6 1932 186 2088 &lintistino
214 1999 269 2078 μ’
301 2011 421 2056 manua·
452 1991 590 2058 cirtem.
639 1995 675 2058 In
706 1997 886 2080 cognomine
917 1995 1083 2058 Matthaeus

8 2084 89 2157 ‘turen
104 2073 245 2156 designat,
267 2086 304 2133 ut
322 2074 417 2134 sciant
436 2073 577 2147 lectores,
603 2096 665 2134 non
686 2094 748 2134 esse
769 2075 846 2134 hunc
865 2073 1007 2154 privatum
1029 2073 1084 2132 to-

6 2167 84 2220 turn,
101 2151 145 2210 aed
168 2163 296 2212 unctu·
324 2149 460 2211 divinitus
478 2149 515 2210 ad
535 2151 716 2230 implendum
737 2151 944 2232 Redemptum
968 2171 1083 2210 munus.

5 2225 68 2294 ‘tulis
81 2239 165 2314 eptem
185 2227 280 2319 luerit
307 2237 337 2287 et
357 2248 496 2307 quorsum
521 2229 661 2317 spectarit
675 2227 741 2319 'eius
761 2228 879 2300 unctio,
899 2227 1031 2310 pluribus
1052 2226 1083 2284 in

5 2315 189 2440 danbeiludlilri:
208 2303 634 2461 idilerlignitumPceoioiseseliiii
648 2303 976 2450 riiacttnilailliiiiiuiiltirsii:
996 2311 1083 2456 iiqiio

5 2457 95 2544 ’μιμῇ
116 2470 175 2516 erat
196 2456 293 2548 plena
315 2455 415 2546 salutis
433 2401 568 2547 perditae
588 2455 773 2518 instauratio.
813 2453 984 2546 Quamdiu
1004 2454 1083 2512 eninr

5 2529 64 2616 tamt
79 2554 103 2590 ιιι
126 2531 230 2595 laatilaa
249 2532 376 2592 Derides
403 2533 500 2611 aliqua
527 2535 676 2608 maiestas,
702 2532 798 2614 Reges
825 2552 922 2592 vocari
948 2528 1084 2591 solebant

5 2608 79 2696 (insti
107 2609 192 2689 Atqui
213 2629 253 2671 oe
280 2609 420 2670 deformis
440 2611 567 2686 vastitas,
588 2629 663 2701 quae
675 2619 798 2699 sequa-ta
809 2619 862 2682 est,
904 2608 999 2668 iorum
1019 2607 1084 2666 aui-

5 2701 40 2738 an
57 2707 78 2740 ιι
99 2685 334 2768 desperationem
362 2685 538 2758 coniicerm,
563 2708 651 2747 umeo
673 2683 864 2776 lledemptori
884 2629 947 2746 inc
973 2703 1083 2743 nomen

5 2759 134 2844 tatariltetu
151 2764 258 2838 voluit,
281 2761 365 2822 sicuti
386 2782 419 2822 ex
435 2760 562 2822 Daniele
582 2774 713 2855 apparet.
753 2761 882 2821 llrstoria
903 2782 973 2822 vero
988 2761 1084 2819 Evan-

6 2836 60 2924 ttlsa
68 2839 154 2914 passim
168 2839 315 2912 ostendit,
335 2835 483 2920 volgatum
497 2850 568 2902 tunc
589 2841 675 2902 luisse
693 2837 837 2920 loquendi
849 2859 973 2915 morem,
993 2857 1082 2918 quum

6 2913 96 2976 plistu
111 2929 152 2980 est
169 2917 265 2980 Filius
284 2913 345 2976 Dei
362 2915 394 2976 iu
415 2933 513 2976 carne.

26 3147 80 3226 lli.)
112 3149 286 3220 MATTH.
304 3149 326 3218 l.
370 3145 420 3218 'te
459 3147 563 3220 Porro
596 3149 670 3220 lesu
703 3147 826 3224 Christi
859 3149 1007 3216 nativitas
1038 3147 1085 3210 sio

7 3243 77 3315 ldrit
93 3254 197 3339 Quum
221 3257 308 3320 enim
331 3265 433 3319 mater
456 3257 525 3318 eius
538 3255 644 3320 Maria
668 3253 830 3342 desponsa
854 3259 939 3314 esset
956 3245 1085 3332 loseph,

8 3359 119 3436 tltqoan
152 3358 383 3434 convenirent,
424 3353 629 3442 deprehensa
666 3363 714 3420 est
748 3350 879 3440 gravida
911 3369 931 3412 e
964 3347 1087 3433 Spiritu

7 3463 82 3520 tans:
100 3459 145 3524 l&
168 3455 291 3544 loeeplt
311 3468 416 3522 autem
439 3459 571 3522 maritus
594 3461 664 3521 eius
686 3470 785 3542 quum
806 3461 892 3518 esset
914 3451 1025 3523 iustus,
1054 3455 1086 3510 et

8 3549 65 3618 atter
81 3579 142 3624 ean
162 3557 347 3635 traducere,
368 3555 472 3621 voluit
486 3557 617 3621 occulte
633 3557 794 3621 dimittere
817 3573 897 3617 eam.
930 3553 980 3615 20.
995 3552 1086 3612 Haeo

8 3663 65 3716 uun
83 3679 118 3724 eo
138 3664 315 3744 rogitante,
343 3678 420 3722 ecce
442 3655 586 3740 Angelus
607 3657 741 3722 Domini
769 3673 828 3740 per
848 3653 1007 3717 somnium
1031 3671 1086 3736 ap-

8 3760 67 3818 mir
85 3757 140 3838 illi,
174 3761 306 3838 dicens,
343 3755 462 3846 loseplr
483 3757 534 3824 lili
554 3755 680 3834 David,
715 3777 757 3820 ne
780 3759 903 3820 metuas
924 3773 1086 3818 assumere

9 3845 93 3920 ianm
110 3879 240 3925 uorem
262 3871 364 3925 tuam:
392 3883 467 3925 nam
495 3859 586 3946 qnod
616 3861 649 3923 in
678 3879 717 3922 ea
739 3865 930 3940 conceptum
953 3863 1015 3929 est,
1047 3873 1086 3916 ex

9 3953 79 4028 totu
98 3971 203 4026 sanctu
226 3971 283 4026 est.
323 3961 376 4026 21.
408 3961 517 4028 Pariet
540 3957 788 4050 aritotelilinm,
816 3967 848 4022 et
869 3954 1001 4036 vocabis
1028 3974 1088 4020 no·

9 4065 44 4112 tes
66 4059 125 4122 eius
148 4061 261 4127 lesum
301 4057 334 4128 la
366 4065 452 4128 enim
485 4058 608 4126 solrnm
638 4056 734 4124 faciet
764 4055 921 4146 populum
948 4077 1039 4121 statam
1068 4075 1086 4118 a

9 4159 96 4220 nram
113 4181 230 4226 eorum.
270 4165 323 4228 Ὦ.
349 4163 453 4228 Porro
478 4172 581 4228 totum
604 4161 668 4224 hoe
689 4159 806 4226 suctum
829 4168 893 4236 est,
918 4168 954 4222 ιιι
975 4152 1087 4238 inple-

10 4260 55 4314 ’Ἢ
72 4259 151 4342 qood
176 4261 364 4328 dictumest
386 4284 404 4328 a
426 4261 570 4328 Domino
597 4281 658 4348 per
678 4259 887 4346 prophetam,
915 4256 1086 4329 dicentem,

10 4348 135 4438 afwa
163 4363 253 4450 virgo
284 4383 466 4451 praegnans
493 4365 569 4442 erit,
598 4371 630 4426 et
658 4361 761 4450 pariet
783 4357 904 4434 lilium,
931 4365 963 4418 et
991 4374 1087 4417 voca-

18 4449 458 4517 ‘ttimtaummnt
864 4443 884 4498 4
