2568 4848
407 277 555 348 (tt—ss
573 271 694 356 ilaei).
849 267 857 286 ⁶
1067 279 1111 342 tu

28 445 89 497 quun
109 419 158 481 ilh'a
180 421 358 501 proponitur
383 418 486 494 luerit,
510 418 636 480 inianter
662 428 693 480 et
717 417 750 480 iu
776 417 834 478 fide
858 417 996 478 novicino
1025 415 1106 480 laetia

26 511 74 652 ppei
90 498 166 568 alere,
184 498 231 576 qui
248 497 373 558 solidum
393 496 492 558 eibum
509 495 645 556 nondum
664 514 771 574 rapere
791 507 938 574 poterant,
958 493 1039 554 nulla
1057 514 1106 554 re·

34 575 73 632 'rio
92 574 216 652 impedit,
239 574 395 652 quominus
419 574 578 655 diligenter
602 584 634 632 et
657 583 756 632 eaaete
780 572 929 650 inquirant
947 571 1017 631 Bilii
1039 569 1105 642 uei,

25 651 70 728 quid
86 651 219 710 contiueat
230 651 392 729 Scriptura,
409 661 499 730 atque
517 651 557 710 ita
577 661 689 730 guntur,
722 667 788 708 uem
802 649 945 740 praebent
957 647 1106 728 hpoatoli,

24 747 57 786 eos
71 725 98 784 ad
116 725 218 786 sonum
238 726 371 787 deducat.
409 728 496 788 Nune
516 723 668 786 redeamua
678 669 892 785 aduatieruiuua
906 723 1061 796 hliohaes,
1072 731 1105 787 1:

23 805 49 861 sie
62 802 89 862 ad
104 802 213 863 verhum
233 802 343 884 legitur
361 805 439 882 apud
458 801 650 882 Prophetam,
668 804 708 863 Et
726 811 760 861 tu
778 801 952 862 Bethlehem
967 800 1107 881 Ephrata,

24 879 107 955 parv-ula
122 891 152 939 ut
167 881 203 938 aia
222 879 252 940 iu
272 879 402 940 millibus
421 880 508 952 Iuda,
529 899 563 938 ex
581 891 613 940 te
632 878 703 939 mihi
723 899 740 938 e
796 877 903 950 dietnr,
923 878 974 958 qui
993 878 1031 937 rit
1051 876 1106 936 do·

22 955 115 1016 minator
129 956 157 1014 in
174 954 272 1016 Israel.
312 956 373 1016 Pru
384 957 511 1035 Ephrata
522 955 686 1016 Matthaeus
704 956 741 1016 lu
760 975 778 1015 a
798 954 909 1038 poenit,
927 954 978 1016 red
999 953 1106 1014 eodem

24 1051 87 1092 sensu.
134 1032 225 1092 hlieha
255 1033 334 1092 enirn
373 1031 563 1108 Bethlehem,
590 1031 629 1092 de
654 1053 710 1112 qua
735 1031 885 1114 loquitur,
909 1041 1024 1090 tantum
1050 1029 1104 1092 hae

24 1119 68 1166 nota
83 1107 233 1168 discernere
250 1108 347 1170 voluit
364 1110 401 1168 ab
423 1108 529 1182 altera,
553 1129 629 1188 qnae
654 1109 765 1168 eratin
786 1107 866 1168 trihu
886 1106 1031 1168 Sebuluu.
1067 1105 1106 1168 Ιι

25 1183 103 1262 reliquo
123 1197 256 1246 contextu
275 1183 341 1265 plna
364 1196 411 1247 eat
429 1184 617 1250 difficultate·
655 1183 738 1277 llicit
756 1185 834 1246 enim
858 1183 1020 1264 Propheta,
1044 1185 1105 1242 eai-

24 1258 1106 1428 ttttt‘nltl‘ltgtrt.tlt,rttitltt'tttnt'tl‘t't'tdtlt

26 1415 158 1474 hieratio
180 1425 275 1474 movet
321 1413 442 1474 troadam
465 1415 658 1494 interpretes,
682 1425 716 1474 ut
739 1413 952 1494 interrogative
970 1413 1108 1505 legerent

27 1489 143 1568 Prophetae
160 1491 268 1552 louuau.
339 1490 429 1550 eetiue
454 1503 551 1552 tamen
574 1489 643 1564 alii,
666 1491 718 1570 qui
736 1489 917 1552 Matthaeuau
934 1491 1108 1550 eaiaumaut

27 1563 65 1622 ltei
79 1569 178 1646 gratiam
201 1567 333 1627 voluisse
357 1567 387 1626 in
414 1567 468 1628 hae
490 1569 654 1626 nuatione
673 1566 840 1640 celebrare,
863 1565 944 1647 qno'd
963 1577 1055 1626 tenue
1075 1576 1107 1626 et

31 1637 133 1703 obscurum
161 1643 338 1734 oppidulum
369 1642 476 1704 lactum
509 1643 606 1703 luerat
632 1643 734 1704 natalie
762 1643 845 1704 loods
873 1643 977 1702 aummi
1006 1643 1050 1703 Be
1072 1642 1106 1704 it.

30 1713 134 1778 Caeterum
157 1731 209 1780 etet
236 1719 298 1780 hoe
318 1719 432 1782 honore
452 1719 589 1780 excelluit
607 1718 796 1794 Bethlehem,
819 1717 894 1780 adeo
913 1731 1012 1780 umen
1032 1741 1062 1780 ur
1085 1716 1106 1778 il

26 1793 99 1876 proluit
118 1797 173 1856 eine
194 1797 322 1867 incolit,
345 1806 379 1856 ut
402 1796 522 1858 eruerit
546 1797 644 1876 potine
668 1797 699 1856 iu
724 1797 840 1878 guarine
865 1797 1000 1870 exitium,
1025 1794 1106 1876 quud

25 1866 61 1926 llic
79 1871 128 1949 plur
149 1893 234 1952 quam
260 1871 385 1953 indigue
408 1884 546 1952 exeeptua
571 1873 629 1934 luit
651 1873 842 1952 Redemptor.
880 1873 942 1933 Pro
962 1873 1107 1933 Domine·

24 1953 66 2004 ture
84 1947 154 2010 etiam
177 1949 336 2010 Pastorem
361 1950 525 2010 Matthaeus
554 1949 692 2014 reddidit.
740 1948 919 2029 Quanquam
949 1961 1108 2028 utrumque

23 2027 132 2098 upmn,
153 2045 260 2105 nempe
283 2025 434 2092 Christum
458 2045 521 2089 eree
540 2026 644 2112 populi
663 2026 783 2102 ducem,
808 2027 839 2087 e't
857 2025 902 2086 illi
919 2027 1107 2088 uommiraon

23 2112 63 2156 ωε
76 2103 194 2179 parendi
212 2123 333 2166 munue-
1096 2133 1099 2140 =

47 2329 106 2410 (lli)
142 2335 316 2402 ΜΑΤΤΗ.
336 2338 375 2402 ll.
418 2341 447 2404 7.
471 2340 554 2404 Tum
576 2339 736 2418 Heroden
757 2337 839 2403 elem
862 2336 1022 2402 eoeereitie
1039 2335 1111 2398 Me·

25 2429 58 2506 tis,
70 2445 160 2499 erecte
177 2440 373 2526 perquisivit
393 2437 524 2520 abillis,
541 2461 606 2528 qno
624 2449 770 2526 tempore
788 2437 990 2524 apperuisset
1009 2433 1112 2500 stella.

23 2525 40 2588 h
60 2530 91 2596 Et
108 2535 205 2603 iuuene
225 2543 277 2606 ire
306 2541 340 2604 in
366 2537 576 2620 Bethlehem,
603 2541 698 2618 dixit,
724 2539 867 2606 Proiecti
892 2536 1045 2624 inquirite
1068 2533 1110 2603 de

23 2633 134 2708 puerulo:
158 2638 214 2704 uhi
242 2650 351 2704 autem
372 2643 575 2720 inveneritis,
600 2643 785 2706 renuntiate
811 2639 905 2718 mihi,
929 2647 965 2702 ut
992 2645 1025 2702 et
1050 2655 1111 2722 ego

23 2733 111 2798 reniam
129 2748 160 2802 ot
181 2739 320 2805 adorem
341 2761 422 2804 enm.
465 2743 495 2804 9.
516 2743 558 2807 At
571 2741 620 2806 illi
637 2740 747 2808 audito
769 2760 845 2828 rege
865 2737 1003 2830 profecti
1023 2745 1111 2802 eunte

23 2839 42 2889 et
61 2853 121 2899 erce
145 2839 256 2918 stella,
278 2862 372 2926 quarn
393 2841 542 2915 viderent
562 2845 597 2908 in
619 2839 766 2923 Oriente,
787 2837 1008 2930 praeeedehat
1027 2837 1113 2916 illue,

21 2927 95 2998 donee
110 2961 281 3026 progressa
301 2951 400 3006 staret
423 2963 522 3026 euprn
543 2940 661 3018 lunum,
681 2945 715 3008 in
736 2963 805 3029 quo
832 2951 903 3006 erat
928 2961 1022 3026 puer.
1064 2937 1114 3004 10.

22 3029 98 3112 litun
123 3047 228 3106 auteiu
256 3039 414 3107 vidissent
440 3041 580 3121 atellam,
612 3045 712 3130 gavisi
739 3052 813 3108 eunt
845 3040 965 3130 gaudio
996 3055 1113 3124 magno

20 3130 94 3200 tilde.
135 3141 183 3207 11.
222 3141 267 3206 Et
293 3143 428 3228 ingressi
456 3136 585 3206 domum
618 3145 813 3210 invenerunt
840 3139 1012 3229 puerulum
1042 3161 1114 3203 enin

21 3227 95 3300 llaria
112 3253 208 3307 matre
234 3243 319 3320 eiua,
347 3253 380 3308 et
399 3246 551 3328 prostrati
570 3241 789 3310 edomuerunt
807 3241 916 3307 illudue
941 3249 976 3306 et
996 3240 1116 3328 apertio

21 3329 141 3406 hesauria
171 3346 241 3408 enie
272 3341 463 3408 obtulenant
503 3341 553 3407 illi
591 3363 743 3422 munere,
777 3361 904 3419 eurum,
952 3341 1039 3419 thus,
1080 3347 1114 3404 et

21 3439 153 3516 umbem
194 3445 247 3509 12.
271 3441 315 3508 Et
337 3443 471 3510 oraculo
494 3441 649 3510 admoniti
669 3467 729 3532 per
749 3447 923 3524 somnium,
943 3463 985 3508 ne
1006 3462 1116 3508 rever·

22 3545 130 3606 tuentur
150 3543 192 3610 ad
210 3543 389 3624 Herodem,
410 3566 471 3632 per
491 3543 586 3612 eliam
607 3547 692 3614 viem
712 3550 836 3614 reverei
858 3555 934 3614 eunt
953 3547 990 3612 in
1010 3544 1116 3630 regio-

20 3651 70 3700 nem
86 3663 178 3709 sunm.

72 3805 95 3860 ἵ.
128 3800 264 3863 Hardea
285 3803 362 3864 olum
379 3807 525 3864 monim
548 3804 663 3881 Mngie.
704 3807 816 3864 hletum
835 3815 867 3864 et
885 3803 1113 3864 sollicitudinem

20 3871 123 3959 luituri
146 3899 230 3941 aneuz
254 3901 317 3940 nou
343 3881 399 3941 init
422 3893 581 3961 tyrannus,
606 3901 645 3941 ne
669 3881 811 3962 populum
837 3893 963 3942 armaret
986 3881 1116 3954 audacia,

21 3964 52 4003 tn
69 3969 94 4037 ee
114 3954 234 4016 invirum
259 3977 322 4017 eree
346 3969 479 4018 noverat.
517 3957 615 4018 Palem
641 3975 713 4038 ergo
740 3957 900 4018 dissimulat
925 3957 982 4018 hoe
1015 3958 1051 4017 ad
1085 3977 1116 4015 se

22 4037 153 4106 timuere,
176 4034 226 4094 aed
251 4033 414 4094 elaneulum
434 4035 574 4114 inquirit,
601 4043 636 4093 nt
664 4045 801 4095 occurret
829 4035 948 4096 instanti
974 4033 1115 4114 periculo.

23 4103 148 4189 herlerum
168 4113 296 4189 quamvia
322 4129 389 4170 euru
414 4111 489 4170 mala
514 4111 695 4172 conscientia
719 4111 852 4171 timidum
876 4111 1029 4186 redderet,
1054 4127 1116 4168 nou

24 4173 114 4239 luhrutu
135 4195 229 4253 tamen
255 4200 315 4262 eet,
339 4189 411 4267 quin
435 4189 517 4249 liene
541 4197 670 4247 mentem
698 4187 768 4248 eint'
787 4188 947 4268 perculerit
977 4185 1117 4246 inusitato

25 4264 93 4327 unu,
116 4272 146 4318 ut
163 4263 285 4324 coneilio
305 4264 460 4324 tentantur
480 4275 639 4344 menteque
663 4263 805 4324 alienatus
823 4265 860 4324 ad
879 4277 994 4341 ternpus
1013 4273 1119 4338 torpe-

26 4337 62 4414 {th
93 4335 166 4396 Nihil
183 4342 258 4401 enim
278 4339 392 4401 laeiliua
411 4351 489 4418 erat,
513 4358 601 4422 quarn
620 4341 713 4401 ollieii
732 4351 884 4420 praetextu
902 4357 992 4398 unum
1014 4355 1046 4392 er
1067 4351 1118 4390 ιιι-

28 4421 65 4464 rm
81 4413 204 4478 comitem
220 4417 406 4494 euhareare,
426 4418 476 4499 qui
495 4427 560 4481 tuta
577 4435 611 4480 re
628 4418 761 4498 imperta
779 4437 847 4478 mor
866 4413 985 4475 rediret.
1019 4408 1119 4471 notte-
