<?xml version="1.0" encoding="UTF-8"?>
<!DOCTYPE html PUBLIC "-//W3C//DTD XHTML 1.0 Transitional//EN"
    "http://www.w3.org/TR/xhtml1/DTD/xhtml1-transitional.dtd">
<html xmlns="http://www.w3.org/1999/xhtml" xml:lang="en" lang="en">
 <head>
  <title>
</title>
<meta http-equiv="Content-Type" content="text/html;charset=utf-8" />
  <meta name='ocr-system' content='tesseract 3.04.00' />
  <meta name='ocr-capabilities' content='ocr_page ocr_carea ocr_par ocr_line ocrx_word'/>
</head>
<body>
  <div class='ocr_page' id='page_1' title='image "./ioanniscalvinii01calvgoog_0140.png"; bbox 0 0 2522 4852; ppageno 0'>
   <div class='ocr_carea' id='block_1_1' title="bbox 351 167 1122 252">
    <p class='ocr_par' dir='ltr' id='par_1_1' title="bbox 351 167 1122 252">
     <span class='ocr_line' id='line_1_1' title="bbox 351 167 1122 252; baseline -0.008 -15"><span class='ocrx_word' id='word_1_1' title='bbox 351 171 410 247; x_wconf 70' lang='lat' dir='ltr'><strong>(lb</strong></span> <span class='ocrx_word' id='word_1_2' title='bbox 432 169 592 232; x_wconf 85' lang='lat' dir='ltr'><strong>Somnium</strong></span> <span class='ocrx_word' id='word_1_3' title='bbox 610 167 755 252; x_wconf 72' lang='lat' dir='ltr'><strong>horphi.)</strong></span> <span class='ocrx_word' id='word_1_4' title='bbox 1084 177 1122 240; x_wconf 74' lang='lat'><strong>55</strong></span> 
     </span>
    </p>
   </div>
   <div class='ocr_carea' id='block_1_2' title="bbox 23 307 1147 4366">
    <p class='ocr_par' dir='ltr' id='par_1_2' title="bbox 25 307 1147 2056">
     <span class='ocr_line' id='line_1_2' title="bbox 38 307 1114 402; baseline 0.006 -32"><span class='ocrx_word' id='word_1_5' title='bbox 38 309 163 372; x_wconf 60' lang='lat' dir='ltr'><strong>rtrmun</strong></span> <span class='ocrx_word' id='word_1_6' title='bbox 178 307 343 402; x_wconf 81' lang='lat' dir='ltr'><strong>simpliciter</strong></span> <span class='ocrx_word' id='word_1_7' title='bbox 354 311 488 376; x_wconf 83' lang='lat' dir='ltr'><strong>Puellam</strong></span> <span class='ocrx_word' id='word_1_8' title='bbox 507 325 607 378; x_wconf 83' lang='lat' dir='ltr'><strong>notet:</strong></span> <span class='ocrx_word' id='word_1_9' title='bbox 627 333 741 394; x_wconf 84' lang='lat' dir='ltr'><strong>nosque</strong></span> <span class='ocrx_word' id='word_1_10' title='bbox 760 311 951 390; x_wconf 72' lang='lat' dir='ltr'><strong>subsannant,</strong></span> <span class='ocrx_word' id='word_1_11' title='bbox 970 313 1021 394; x_wconf 87' lang='lat' dir='ltr'><strong>qni</strong></span> <span class='ocrx_word' id='word_1_12' title='bbox 1041 334 1114 378; x_wconf 79' lang='lat' dir='ltr'><strong>voce</strong></span> 
     </span>
     <span class='ocr_line' id='line_1_3' title="bbox 36 385 1114 470; baseline 0.006 -26"><span class='ocrx_word' id='word_1_13' title='bbox 36 409 146 466; x_wconf 65' lang='lat' dir='ltr'><strong>,arpenno</strong></span> <span class='ocrx_word' id='word_1_14' title='bbox 162 385 268 452; x_wconf 84' lang='lat' dir='ltr'><strong>reddrta</strong></span> <span class='ocrx_word' id='word_1_15' title='bbox 288 387 404 470; x_wconf 87' lang='lat' dir='ltr'><strong>decepti</strong></span> <span class='ocrx_word' id='word_1_16' title='bbox 424 390 588 467; x_wconf 78' lang='lat' dir='ltr'>credamus,</span> <span class='ocrx_word' id='word_1_17' title='bbox 608 411 642 456; x_wconf 79' lang='lat' dir='ltr'><strong>ea</strong></span> <span class='ocrx_word' id='word_1_18' title='bbox 661 389 775 470; x_wconf 75' lang='lat' dir='ltr'>Spiritu</span> <span class='ocrx_word' id='word_1_19' title='bbox 795 401 897 450; x_wconf 88' lang='lat' dir='ltr'><strong>sancto</strong></span> <span class='ocrx_word' id='word_1_20' title='bbox 920 399 1019 449; x_wconf 87' lang='lat' dir='ltr'><strong>natum</strong></span> <span class='ocrx_word' id='word_1_21' title='bbox 1040 409 1114 466; x_wconf 82' lang='lat' dir='ltr'><strong>esre,</strong></span> 
     </span>
     <span class='ocr_line' id='line_1_4' title="bbox 35 463 1113 553; baseline 0.005 -30"><span class='ocrx_word' id='word_1_22' title='bbox 35 485 91 553; x_wconf 71' lang='lat' dir='ltr'><strong>prat</strong></span> <span class='ocrx_word' id='word_1_23' title='bbox 106 463 240 543; x_wconf 77' lang='lat' dir='ltr'>Propheta</span> <span class='ocrx_word' id='word_1_24' title='bbox 263 477 376 528; x_wconf 86' lang='lat' dir='ltr'><strong>tantum</strong></span> <span class='ocrx_word' id='word_1_25' title='bbox 401 466 474 527; x_wconf 89' lang='lat' dir='ltr'><strong>dicit</strong></span> <span class='ocrx_word' id='word_1_26' title='bbox 497 466 564 528; x_wconf 83' lang='lat' dir='ltr'><strong>fore</strong></span> <span class='ocrx_word' id='word_1_27' title='bbox 587 465 703 548; x_wconf 88' lang='lat' dir='ltr'><strong>puellae</strong></span> <span class='ocrx_word' id='word_1_28' title='bbox 727 466 829 526; x_wconf 88' lang='lat' dir='ltr'><strong>filium.</strong></span> <span class='ocrx_word' id='word_1_29' title='bbox 868 465 962 547; x_wconf 78' lang='lat' dir='ltr'><strong>Atqui</strong></span> <span class='ocrx_word' id='word_1_30' title='bbox 987 465 1113 546; x_wconf 89' lang='lat' dir='ltr'><strong>primurn</strong></span> 
     </span>
     <span class='ocr_line' id='line_1_5' title="bbox 32 539 1113 636; baseline 0.007 -38"><span class='ocrx_word' id='word_1_31' title='bbox 32 561 113 626; x_wconf 77' lang='lat' dir='ltr'><strong>naun</strong></span> <span class='ocrx_word' id='word_1_32' title='bbox 134 539 235 631; x_wconf 67' lang='lat' dir='ltr'><strong>rirapdi</strong></span> <span class='ocrx_word' id='word_1_33' title='bbox 259 539 412 606; x_wconf 75' lang='lat' dir='ltr'><strong>libidinem</strong></span> <span class='ocrx_word' id='word_1_34' title='bbox 435 543 466 604; x_wconf 86' lang='lat' dir='ltr'><strong>in</strong></span> <span class='ocrx_word' id='word_1_35' title='bbox 493 562 530 605; x_wconf 83' lang='lat' dir='ltr'><strong>eo</strong></span> <span class='ocrx_word' id='word_1_36' title='bbox 556 543 703 628; x_wconf 88' lang='lat' dir='ltr'><strong>produnt,</strong></span> <span class='ocrx_word' id='word_1_37' title='bbox 735 543 804 602; x_wconf 91' lang='lat' dir='ltr'><strong>dum</strong></span> <span class='ocrx_word' id='word_1_38' title='bbox 829 563 938 604; x_wconf 90' lang='lat' dir='ltr'><strong>nomen</strong></span> <span class='ocrx_word' id='word_1_39' title='bbox 960 541 996 602; x_wconf 84' lang='lat' dir='ltr'><strong>de</strong></span> <span class='ocrx_word' id='word_1_40' title='bbox 1015 542 1113 636; x_wconf 80' lang='lat' dir='ltr'><strong>puella</strong></span> 
     </span>
     <span class='ocr_line' id='line_1_6' title="bbox 30 617 1112 761; baseline 0.007 -13"><span class='ocrx_word' id='word_1_41' title='bbox 30 617 410 758; x_wconf 62' lang='lat' dir='ltr'><strong>:retardetis</strong></span> <span class='ocrx_word' id='word_1_42' title='bbox 427 619 647 758; x_wconf 55' lang='lat' dir='ltr'><strong>terrete</strong></span> <span class='ocrx_word' id='word_1_43' title='bbox 661 617 1112 761; x_wconf 58' lang='lat' dir='ltr'><strong>retrocessistis</strong></span> 
     </span>
     <span class='ocr_line' id='line_1_7' title="bbox 28 717 1111 854; baseline 0 -22"><span class='ocrx_word' id='word_1_44' title='bbox 28 791 62 854; x_wconf 69' lang='lat' dir='ltr'><strong>pa</strong></span> <span class='ocrx_word' id='word_1_45' title='bbox 75 781 176 832; x_wconf 73' lang='lat' dir='ltr'><strong>rotam</strong></span> <span class='ocrx_word' id='word_1_46' title='bbox 193 769 341 853; x_wconf 82' lang='lat' dir='ltr'><strong>virginalis</strong></span> <span class='ocrx_word' id='word_1_47' title='bbox 360 719 480 854; x_wconf 74' lang='lat' dir='ltr'><strong>pudor.y</strong></span> <span class='ocrx_word' id='word_1_48' title='bbox 509 717 626 835; x_wconf 73' lang='lat' dir='ltr'><strong>Locgum</strong></span> <span class='ocrx_word' id='word_1_49' title='bbox 649 794 740 834; x_wconf 90' lang='lat' dir='ltr'><strong>unurn</strong></span> <span class='ocrx_word' id='word_1_50' title='bbox 765 771 914 832; x_wconf 89' lang='lat' dir='ltr'><strong>adducunt</strong></span> <span class='ocrx_word' id='word_1_51' title='bbox 933 793 967 832; x_wconf 88' lang='lat' dir='ltr'><strong>ex</strong></span> <span class='ocrx_word' id='word_1_52' title='bbox 1009 740 1111 832; x_wconf 53' lang='lat' dir='ltr'><strong>cover:</strong></span> 
     </span>
     <span class='ocr_line' id='line_1_8' title="bbox 28 793 1111 932; baseline 0.007 -30"><span class='ocrx_word' id='word_1_53' title='bbox 28 846 106 902; x_wconf 81' lang='lat' dir='ltr'><strong>lomus</strong></span> <span class='ocrx_word' id='word_1_54' title='bbox 123 852 333 926; x_wconf 77' lang='lat' dir='ltr'><strong>cap-³⁰,19·‚</strong></span> <span class='ocrx_word' id='word_1_55' title='bbox 368 848 419 928; x_wconf 84' lang='lat' dir='ltr'><strong>qui</strong></span> <span class='ocrx_word' id='word_1_56' title='bbox 446 859 544 910; x_wconf 88' lang='lat' dir='ltr'><strong>tamen</strong></span> <span class='ocrx_word' id='word_1_57' title='bbox 570 847 643 910; x_wconf 89' lang='lat' dir='ltr'><strong>nibil</strong></span> <span class='ocrx_word' id='word_1_58' title='bbox 668 847 726 910; x_wconf 88' lang='lat' dir='ltr'><strong>illis</strong></span> <span class='ocrx_word' id='word_1_59' title='bbox 752 847 936 932; x_wconf 81' lang='lat' dir='ltr'><strong>suffragatur.</strong></span> <span class='ocrx_word' id='word_1_60' title='bbox 979 793 1046 908; x_wconf 83' lang='lat' dir='ltr'><strong>lllic</strong></span> <span class='ocrx_word' id='word_1_61' title='bbox 1073 849 1111 910; x_wconf 90' lang='lat' dir='ltr'><strong>de</strong></span> 
     </span>
     <span class='ocr_line' id='line_1_9' title="bbox 29 919 1132 1013; baseline 0.003 -30"><span class='ocrx_word' id='word_1_62' title='bbox 29 919 96 1006; x_wconf 62' lang='lat' dir='ltr'><strong>pella,</strong></span> <span class='ocrx_word' id='word_1_63' title='bbox 113 943 188 1013; x_wconf 75' lang='lat' dir='ltr'><strong>quarn</strong></span> <span class='ocrx_word' id='word_1_64' title='bbox 205 923 380 989; x_wconf 67' lang='lat' dir='ltr'><strong>adolescens</strong></span> <span class='ocrx_word' id='word_1_65' title='bbox 400 923 527 1006; x_wconf 81' lang='lat' dir='ltr'><strong>deperit,</strong></span> <span class='ocrx_word' id='word_1_66' title='bbox 546 925 679 1006; x_wconf 87' lang='lat' dir='ltr'><strong>loquitur</strong></span> <span class='ocrx_word' id='word_1_67' title='bbox 699 923 834 986; x_wconf 88' lang='lat' dir='ltr'><strong>Salomo:</strong></span> <span class='ocrx_word' id='word_1_68' title='bbox 854 936 883 985; x_wconf 87' lang='lat' dir='ltr'><strong>at</strong></span> <span class='ocrx_word' id='word_1_69' title='bbox 906 925 935 984; x_wconf 91' lang='lat' dir='ltr'><strong>ui</strong></span> <span class='ocrx_word' id='word_1_70' title='bbox 956 945 1016 986; x_wconf 91' lang='lat' dir='ltr'><strong>non</strong></span> <span class='ocrx_word' id='word_1_71' title='bbox 1038 945 1110 1004; x_wconf 90' lang='lat' dir='ltr'><strong>pro·</strong></span> <span class='ocrx_word' id='word_1_72' title='bbox 1130 963 1132 966; x_wconf 94' lang='lat'>-</span> 
     </span>
     <span class='ocr_line' id='line_1_10' title="bbox 28 945 1110 1142; baseline 0.008 -12"><span class='ocrx_word' id='word_1_73' title='bbox 28 1002 716 1142; x_wconf 55' lang='lat' dir='ltr'><strong>ritrstrrrtttsr‘steret</strong></span> <span class='ocrx_word' id='word_1_74' title='bbox 735 945 1110 1139; x_wconf 62' lang='lat' dir='ltr'><strong>octiduum</strong></span> 
     </span>
     <span class='ocr_line' id='line_1_11' title="bbox 27 1099 1108 1290; baseline 0.007 -84"><span class='ocrx_word' id='word_1_75' title='bbox 27 1149 152 1238; x_wconf 80' lang='lat' dir='ltr'><strong>lenonioe</strong></span> <span class='ocrx_word' id='word_1_76' title='bbox 170 1153 331 1244; x_wconf 74' lang='lat' dir='ltr'><strong>concedam</strong></span> <span class='ocrx_word' id='word_1_77' title='bbox 352 1101 435 1290; x_wconf 61' lang='lat' dir='ltr'><strong>q&#39;pbd</strong></span> <span class='ocrx_word' id='word_1_78' title='bbox 460 1099 628 1246; x_wconf 71' lang='lat' dir='ltr'><strong>postptairt,</strong></span> <span class='ocrx_word' id='word_1_79' title='bbox 651 1174 698 1246; x_wconf 77' lang='lat' dir='ltr'><strong>res</strong></span> <span class='ocrx_word' id='word_1_80' title='bbox 721 1100 819 1216; x_wconf 69' lang='lat' dir='ltr'><strong>limen</strong></span> <span class='ocrx_word' id='word_1_81' title='bbox 840 1122 1001 1246; x_wconf 34' lang='lat' dir='ltr'><strong>evincitnac</strong></span> <span class='ocrx_word' id='word_1_82' title='bbox 1021 1153 1108 1214; x_wconf 88' lang='lat' dir='ltr'><strong>fateri</strong></span> 
     </span>
     <span class='ocr_line' id='line_1_12' title="bbox 26 1225 1108 1394; baseline 0.006 -35"><span class='ocrx_word' id='word_1_83' title='bbox 26 1225 1108 1394; x_wconf 59' lang='lat' dir='ltr'><strong>:ittitrtttttlttf‘ttttl‘tr¹tt¹¹tii⁰t¹tt¹t¹tnitttdtt</strong></span> 
     </span>
     <span class='ocr_line' id='line_1_13' title="bbox 27 1328 1106 1476; baseline 0.002 -36"><span class='ocrx_word' id='word_1_84' title='bbox 27 1377 66 1436; x_wconf 79' lang='lat' dir='ltr'><strong>dns</strong></span> <span class='ocrx_word' id='word_1_85' title='bbox 80 1382 201 1469; x_wconf 64' lang='lat' dir='ltr'><strong>rombus.</strong></span> <span class='ocrx_word' id='word_1_86' title='bbox 240 1381 280 1476; x_wconf 47' lang='lat' dir='ltr'><strong>Si·</strong></span> <span class='ocrx_word' id='word_1_87' title='bbox 295 1395 409 1476; x_wconf 81' lang='lat' dir='ltr'><strong>tantpm</strong></span> <span class='ocrx_word' id='word_1_88' title='bbox 429 1383 588 1464; x_wconf 86' lang='lat' dir='ltr'><strong>parituram</strong></span> <span class='ocrx_word' id='word_1_89' title='bbox 608 1328 761 1445; x_wconf 67' lang='lat' dir='ltr'><strong>mulserem</strong></span> <span class='ocrx_word' id='word_1_90' title='bbox 782 1383 907 1458; x_wconf 86' lang='lat' dir='ltr'><strong>diceret,</strong></span> <span class='ocrx_word' id='word_1_91' title='bbox 927 1403 1014 1467; x_wconf 87' lang='lat' dir='ltr'><strong>quarn</strong></span> <span class='ocrx_word' id='word_1_92' title='bbox 1035 1383 1106 1444; x_wconf 86' lang='lat' dir='ltr'><strong>ridi-</strong></span> 
     </span>
     <span class='ocr_line' id='line_1_14' title="bbox 30 1453 1106 1551; baseline 0.003 -32"><span class='ocrx_word' id='word_1_93' title='bbox 30 1453 160 1543; x_wconf 63' lang='lat' dir='ltr'><strong>&lt;dalmat</strong></span> <span class='ocrx_word' id='word_1_94' title='bbox 177 1459 338 1542; x_wconf 81' lang='lat' dir='ltr'><strong>magmfica</strong></span> <span class='ocrx_word' id='word_1_95' title='bbox 363 1459 411 1520; x_wconf 88' lang='lat' dir='ltr'><strong>rlla</strong></span> <span class='ocrx_word' id='word_1_96' title='bbox 435 1459 599 1540; x_wconf 82' lang='lat' dir='ltr'><strong>praefatio?</strong></span> <span class='ocrx_word' id='word_1_97' title='bbox 638 1460 794 1538; x_wconf 82' lang='lat' dir='ltr'><strong>Videmus,</strong></span> <span class='ocrx_word' id='word_1_98' title='bbox 820 1471 853 1518; x_wconf 93' lang='lat' dir='ltr'><strong>ut</strong></span> <span class='ocrx_word' id='word_1_99' title='bbox 877 1479 927 1520; x_wconf 89' lang='lat' dir='ltr'><strong>sua</strong></span> <span class='ocrx_word' id='word_1_100' title='bbox 956 1460 1106 1551; x_wconf 80' lang='lat' dir='ltr'><strong>protervia</strong></span> 
     </span>
     <span class='ocr_line' id='line_1_15' title="bbox 34 1527 1105 1616; baseline 0.006 -26"><span class='ocrx_word' id='word_1_101' title='bbox 34 1527 98 1590; x_wconf 80' lang='lat' dir='ltr'><strong>lufao</strong></span> <span class='ocrx_word' id='word_1_102' title='bbox 109 1555 154 1594; x_wconf 82' lang='lat' dir='ltr'><strong>aon</strong></span> <span class='ocrx_word' id='word_1_103' title='bbox 172 1557 204 1596; x_wconf 83' lang='lat' dir='ltr'><strong>rr</strong></span> <span class='ocrx_word' id='word_1_104' title='bbox 224 1535 336 1611; x_wconf 85' lang='lat' dir='ltr'><strong>modo,</strong></span> <span class='ocrx_word' id='word_1_105' title='bbox 364 1535 416 1597; x_wconf 87' lang='lat' dir='ltr'><strong>sed</strong></span> <span class='ocrx_word' id='word_1_106' title='bbox 435 1537 602 1598; x_wconf 84' lang='lat' dir='ltr'><strong>veneranda</strong></span> <span class='ocrx_word' id='word_1_107' title='bbox 621 1535 679 1598; x_wconf 85' lang='lat' dir='ltr'><strong>Dei</strong></span> <span class='ocrx_word' id='word_1_108' title='bbox 704 1537 841 1616; x_wconf 84' lang='lat' dir='ltr'><strong>mysteria</strong></span> <span class='ocrx_word' id='word_1_109' title='bbox 866 1532 994 1594; x_wconf 91' lang='lat' dir='ltr'><strong>ludibrro</strong></span> <span class='ocrx_word' id='word_1_110' title='bbox 1016 1556 1105 1616; x_wconf 85' lang='lat' dir='ltr'><strong>expo·</strong></span> 
     </span>
     <span class='ocr_line' id='line_1_16' title="bbox 32 1609 1106 1691; baseline 0.005 -22"><span class='ocrx_word' id='word_1_111' title='bbox 32 1619 82 1662; x_wconf 80' lang='lat' dir='ltr'><strong>mot</strong></span> <span class='ocrx_word' id='word_1_112' title='bbox 105 1609 153 1672; x_wconf 84' lang='lat' dir='ltr'><strong>iter</strong></span> <span class='ocrx_word' id='word_1_113' title='bbox 169 1611 262 1676; x_wconf 88' lang='lat' dir='ltr'><strong>inane</strong></span> <span class='ocrx_word' id='word_1_114' title='bbox 281 1631 314 1674; x_wconf 87' lang='lat' dir='ltr'><strong>ar</strong></span> <span class='ocrx_word' id='word_1_115' title='bbox 387 1623 488 1674; x_wconf 78' lang='lat' dir='ltr'><strong>tntum</strong></span> <span class='ocrx_word' id='word_1_116' title='bbox 501 1611 617 1674; x_wconf 88' lang='lat' dir='ltr'><strong>ducitur</strong></span> <span class='ocrx_word' id='word_1_117' title='bbox 637 1634 670 1674; x_wconf 82' lang='lat' dir='ltr'><strong>ex</strong></span> <span class='ocrx_word' id='word_1_118' title='bbox 689 1624 756 1675; x_wconf 90' lang='lat' dir='ltr'><strong>toto</strong></span> <span class='ocrx_word' id='word_1_119' title='bbox 777 1623 926 1686; x_wconf 81' lang='lat' dir='ltr'><strong>contextu,</strong></span> <span class='ocrx_word' id='word_1_120' title='bbox 947 1611 1106 1691; x_wconf 78' lang='lat' dir='ltr'><strong>Concipiet</strong></span> 
     </span>
     <span class='ocr_line' id='line_1_17' title="bbox 27 1681 1147 1772; baseline -0.004 -24"><span class='ocrx_word' id='word_1_121' title='bbox 27 1681 94 1756; x_wconf 60' lang='grc' dir='ltr'><strong>ΜΕ</strong></span> <span class='ocrx_word' id='word_1_122' title='bbox 122 1685 178 1750; x_wconf 77' lang='lat' dir='ltr'><strong>Cur</strong></span> <span class='ocrx_word' id='word_1_123' title='bbox 201 1687 284 1750; x_wconf 87' lang='lat' dir='ltr'><strong>nulla</strong></span> <span class='ocrx_word' id='word_1_124' title='bbox 330 1686 414 1750; x_wconf 84' lang='lat' dir='ltr'><strong>tviri</strong></span> <span class='ocrx_word' id='word_1_125' title='bbox 432 1687 565 1752; x_wconf 77' lang='lat' dir='ltr'><strong>mentio?</strong></span> <span class='ocrx_word' id='word_1_126' title='bbox 592 1688 702 1772; x_wconf 89' lang='lat' dir='ltr'><strong>aliquid</strong></span> <span class='ocrx_word' id='word_1_127' title='bbox 721 1688 845 1750; x_wconf 83' lang='lat' dir='ltr'><strong>minime</strong></span> <span class='ocrx_word' id='word_1_128' title='bbox 865 1687 1000 1748; x_wconf 88' lang='lat' dir='ltr'><strong>usitatum</strong></span> <span class='ocrx_word' id='word_1_129' title='bbox 1021 1709 1105 1748; x_wconf 88' lang='lat' dir='ltr'><strong>com-</strong></span> <span class='ocrx_word' id='word_1_130' title='bbox 1144 1737 1147 1744; x_wconf 92' lang='lat'>.</span> 
     </span>
     <span class='ocr_line' id='line_1_18' title="bbox 26 1759 1103 1859; baseline 0.006 -43"><span class='ocrx_word' id='word_1_131' title='bbox 26 1759 102 1818; x_wconf 73' lang='lat' dir='ltr'><strong>undat</strong></span> <span class='ocrx_word' id='word_1_132' title='bbox 116 1763 269 1846; x_wconf 77' lang='lat' dir='ltr'><strong>Propheta.</strong></span> <span class='ocrx_word' id='word_1_133' title='bbox 312 1765 483 1828; x_wconf 79' lang='lat' dir='ltr'><strong>Mandatum</strong></span> <span class='ocrx_word' id='word_1_134' title='bbox 504 1765 611 1830; x_wconf 89' lang='lat' dir='ltr'><strong>deinde</strong></span> <span class='ocrx_word' id='word_1_135' title='bbox 632 1765 747 1848; x_wconf 87' lang='lat' dir='ltr'><strong>puellae</strong></span> <span class='ocrx_word' id='word_1_136' title='bbox 766 1763 928 1859; x_wconf 69' lang='lat' dir='ltr'><strong>iniungitur</strong></span> <span class='ocrx_word' id='word_1_137' title='bbox 948 1763 985 1824; x_wconf 87' lang='lat' dir='ltr'><strong>de</strong></span> <span class='ocrx_word' id='word_1_138' title='bbox 1005 1763 1103 1823; x_wconf 91' lang='lat' dir='ltr'><strong>nomi-</strong></span> 
     </span>
     <span class='ocr_line' id='line_1_19' title="bbox 25 1835 1104 1924; baseline 0.001 -25"><span class='ocrx_word' id='word_1_139' title='bbox 25 1835 88 1893; x_wconf 55' lang='grc' dir='ltr'><strong>θιὼ</strong></span> <span class='ocrx_word' id='word_1_140' title='bbox 103 1860 199 1916; x_wconf 88' lang='lat' dir='ltr'><strong>puero:</strong></span> <span class='ocrx_word' id='word_1_141' title='bbox 224 1864 284 1924; x_wconf 84' lang='lat' dir='ltr'><strong>qua</strong></span> <span class='ocrx_word' id='word_1_142' title='bbox 309 1841 398 1904; x_wconf 85' lang='lat' dir='ltr'><strong>etiam</strong></span> <span class='ocrx_word' id='word_1_143' title='bbox 424 1841 455 1902; x_wconf 92' lang='lat' dir='ltr'><strong>in</strong></span> <span class='ocrx_word' id='word_1_144' title='bbox 480 1854 564 1922; x_wconf 86' lang='lat' dir='ltr'><strong>parte</strong></span> <span class='ocrx_word' id='word_1_145' title='bbox 584 1841 691 1922; x_wconf 72' lang='lat' dir='ltr'><strong>aliquid</strong></span> <span class='ocrx_word' id='word_1_146' title='bbox 713 1839 973 1904; x_wconf 74' lang='lat' dir='ltr'><strong>extraordinarium</strong></span> <span class='ocrx_word' id='word_1_147' title='bbox 993 1839 1104 1900; x_wconf 86' lang='lat' dir='ltr'><strong>indicat</strong></span> 
     </span>
     <span class='ocr_line' id='line_1_20' title="bbox 25 1907 1102 2056; baseline 0.002 -82"><span class='ocrx_word' id='word_1_148' title='bbox 25 1907 135 2000; x_wconf 71' lang='lat' dir='ltr'><strong>Propheta.</strong></span> <span class='ocrx_word' id='word_1_149' title='bbox 162 1917 250 2008; x_wconf 41' lang='lat' dir='ltr'><strong>&#39;Nam</strong></span> <span class='ocrx_word' id='word_1_150' title='bbox 271 1919 325 1979; x_wconf 86' lang='lat' dir='ltr'><strong>etsi</strong></span> <span class='ocrx_word' id='word_1_151' title='bbox 351 1917 525 2056; x_wconf 84' lang='lat' dir='ltr'><strong>plerumque</strong></span> <span class='ocrx_word' id='word_1_152' title='bbox 548 1917 641 1986; x_wconf 82' lang='lat' dir='ltr'><strong>refert</strong></span> <span class='ocrx_word' id='word_1_153' title='bbox 665 1919 833 2000; x_wconf 81' lang='lat' dir='ltr'><strong>Scriptura,</strong></span> <span class='ocrx_word' id='word_1_154' title='bbox 858 1917 995 1997; x_wconf 86' lang='lat' dir='ltr'><strong>imposita</strong></span> <span class='ocrx_word' id='word_1_155' title='bbox 1014 1914 1102 1976; x_wconf 89' lang='lat' dir='ltr'><strong>fuisse</strong></span> 
     </span>
    </p>

    <p class='ocr_par' dir='ltr' id='par_1_3' title="bbox 23 1993 1103 2516">
     <span class='ocr_line' id='line_1_21' title="bbox 59 1993 1103 2076; baseline 0 -24"><span class='ocrx_word' id='word_1_156' title='bbox 59 2009 86 2047; x_wconf 78' lang='lat' dir='ltr'><strong>nt</strong></span> <span class='ocrx_word' id='word_1_157' title='bbox 100 2011 209 2056; x_wconf 76' lang='lat' dir='ltr'><strong>nomana</strong></span> <span class='ocrx_word' id='word_1_158' title='bbox 228 2015 244 2055; x_wconf 90' lang='lat' dir='ltr'><strong>a</strong></span> <span class='ocrx_word' id='word_1_159' title='bbox 264 1998 350 2056; x_wconf 88' lang='lat' dir='ltr'><strong>matri</strong></span> <span class='ocrx_word' id='word_1_160' title='bbox 375 2015 424 2072; x_wconf 83' lang='lat' dir='ltr'><strong>us,</strong></span> <span class='ocrx_word' id='word_1_161' title='bbox 452 1993 540 2056; x_wconf 81' lang='lat' dir='ltr'><strong>fiebat</strong></span> <span class='ocrx_word' id='word_1_162' title='bbox 563 2007 662 2058; x_wconf 85' lang='lat' dir='ltr'><strong>tamen</strong></span> <span class='ocrx_word' id='word_1_163' title='bbox 681 1995 711 2055; x_wconf 91' lang='lat' dir='ltr'><strong>id</strong></span> <span class='ocrx_word' id='word_1_164' title='bbox 731 2015 765 2056; x_wconf 86' lang='lat' dir='ltr'><strong>sx</strong></span> <span class='ocrx_word' id='word_1_165' title='bbox 785 2007 900 2076; x_wconf 86' lang='lat' dir='ltr'><strong>patrum</strong></span> <span class='ocrx_word' id='word_1_166' title='bbox 920 1993 1103 2053; x_wconf 86' lang='lat' dir='ltr'><strong>auctoritate.</strong></span> 
     </span>
     <span class='ocr_line' id='line_1_22' title="bbox 38 2063 1102 2154; baseline 0.004 -28"><span class='ocrx_word' id='word_1_167' title='bbox 38 2063 127 2152; x_wconf 63' lang='lat' dir='ltr'><strong>[opheta</strong></span> <span class='ocrx_word' id='word_1_168' title='bbox 149 2090 221 2152; x_wconf 79' lang='lat' dir='ltr'><strong>ergo</strong></span> <span class='ocrx_word' id='word_1_169' title='bbox 245 2091 413 2132; x_wconf 86' lang='lat' dir='ltr'><strong>sermonem</strong></span> <span class='ocrx_word' id='word_1_170' title='bbox 432 2071 467 2132; x_wconf 88' lang='lat' dir='ltr'><strong>ad</strong></span> <span class='ocrx_word' id='word_1_171' title='bbox 488 2069 617 2152; x_wconf 86' lang='lat' dir='ltr'><strong>puellam</strong></span> <span class='ocrx_word' id='word_1_172' title='bbox 636 2071 765 2154; x_wconf 84' lang='lat' dir='ltr'><strong>dirigens</strong></span> <span class='ocrx_word' id='word_1_173' title='bbox 784 2071 853 2132; x_wconf 83' lang='lat' dir='ltr'><strong>viris</strong></span> <span class='ocrx_word' id='word_1_174' title='bbox 879 2069 909 2128; x_wconf 93' lang='lat' dir='ltr'><strong>in</strong></span> <span class='ocrx_word' id='word_1_175' title='bbox 931 2068 987 2128; x_wconf 90' lang='lat' dir='ltr'><strong>hoc</strong></span> <span class='ocrx_word' id='word_1_176' title='bbox 1006 2089 1102 2148; x_wconf 87' lang='lat' dir='ltr'><strong>puero</strong></span> 
     </span>
     <span class='ocr_line' id='line_1_23' title="bbox 25 2139 1103 2226; baseline -0.005 -17"><span class='ocrx_word' id='word_1_177' title='bbox 25 2139 96 2225; x_wconf 59' lang='lat' dir='ltr'><strong>{dett</strong></span> <span class='ocrx_word' id='word_1_178' title='bbox 110 2145 240 2226; x_wconf 76' lang='lat' dir='ltr'><strong>quicquid</strong></span> <span class='ocrx_word' id='word_1_179' title='bbox 259 2147 331 2209; x_wconf 83' lang='lat' dir='ltr'><strong>iuris</strong></span> <span class='ocrx_word' id='word_1_180' title='bbox 351 2147 407 2208; x_wconf 87' lang='lat' dir='ltr'><strong>illis</strong></span> <span class='ocrx_word' id='word_1_181' title='bbox 422 2145 518 2208; x_wconf 88' lang='lat' dir='ltr'><strong>defert</strong></span> <span class='ocrx_word' id='word_1_182' title='bbox 538 2147 612 2208; x_wconf 89' lang='lat' dir='ltr'><strong>ordo</strong></span> <span class='ocrx_word' id='word_1_183' title='bbox 633 2159 763 2211; x_wconf 86' lang='lat' dir='ltr'><strong>naturae.</strong></span> <span class='ocrx_word' id='word_1_184' title='bbox 803 2147 922 2206; x_wconf 86' lang='lat' dir='ltr'><strong>Maneat</strong></span> <span class='ocrx_word' id='word_1_185' title='bbox 937 2164 1010 2226; x_wconf 84' lang='lat' dir='ltr'><strong>ergo</strong></span> <span class='ocrx_word' id='word_1_186' title='bbox 1030 2142 1103 2204; x_wconf 89' lang='lat' dir='ltr'><strong>illud</strong></span> 
     </span>
     <span class='ocr_line' id='line_1_24' title="bbox 24 2219 1103 2314; baseline -0.001 -33"><span class='ocrx_word' id='word_1_187' title='bbox 24 2228 85 2305; x_wconf 66' lang='lat' dir='ltr'><strong>tue,</strong></span> <span class='ocrx_word' id='word_1_188' title='bbox 99 2219 200 2284; x_wconf 83' lang='lat' dir='ltr'><strong>landari</strong></span> <span class='ocrx_word' id='word_1_189' title='bbox 218 2225 333 2306; x_wconf 79' lang='lat' dir='ltr'><strong>insigne</strong></span> <span class='ocrx_word' id='word_1_190' title='bbox 354 2221 412 2283; x_wconf 85' lang='lat' dir='ltr'><strong>Ilei</strong></span> <span class='ocrx_word' id='word_1_191' title='bbox 431 2219 602 2288; x_wconf 81' lang='lat' dir='ltr'><strong>miraculum</strong></span> <span class='ocrx_word' id='word_1_192' title='bbox 622 2245 638 2288; x_wconf 88' lang='lat' dir='ltr'><strong>a</strong></span> <span class='ocrx_word' id='word_1_193' title='bbox 658 2223 819 2304; x_wconf 82' lang='lat' dir='ltr'><strong>Propheta,</strong></span> <span class='ocrx_word' id='word_1_194' title='bbox 839 2219 920 2314; x_wconf 71' lang='lat' dir='ltr'><strong>quod</strong></span> <span class='ocrx_word' id='word_1_195' title='bbox 940 2231 1053 2280; x_wconf 84' lang='lat' dir='ltr'><strong>attente</strong></span> <span class='ocrx_word' id='word_1_196' title='bbox 1073 2231 1103 2280; x_wconf 90' lang='lat' dir='ltr'><strong>et</strong></span> 
     </span>
     <span class='ocr_line' id='line_1_25' title="bbox 25 2295 1101 2382; baseline -0.005 -21"><span class='ocrx_word' id='word_1_197' title='bbox 25 2309 144 2360; x_wconf 67' lang='lat' dir='ltr'><strong>mummi·</strong></span> <span class='ocrx_word' id='word_1_198' title='bbox 161 2301 201 2382; x_wconf 89' lang='lat' dir='ltr'><strong>pii</strong></span> <span class='ocrx_word' id='word_1_199' title='bbox 218 2321 322 2362; x_wconf 87' lang='lat' dir='ltr'><strong>ornnes</strong></span> <span class='ocrx_word' id='word_1_200' title='bbox 341 2299 542 2362; x_wconf 86' lang='lat' dir='ltr'><strong>considerent:</strong></span> <span class='ocrx_word' id='word_1_201' title='bbox 563 2299 645 2382; x_wconf 90' lang='lat' dir='ltr'><strong>quod</strong></span> <span class='ocrx_word' id='word_1_202' title='bbox 664 2300 766 2361; x_wconf 89' lang='lat' dir='ltr'><strong>Iudaei</strong></span> <span class='ocrx_word' id='word_1_203' title='bbox 789 2298 911 2380; x_wconf 76' lang='lat' dir='ltr'><strong>indigne</strong></span> <span class='ocrx_word' id='word_1_204' title='bbox 941 2295 1101 2376; x_wconf 75' lang='lat' dir='ltr'><strong>profanant</strong></span> 
     </span>
     <span class='ocr_line' id='line_1_26' title="bbox 23 2369 1102 2510; baseline -0.008 -69"><span class='ocrx_word' id='word_1_205' title='bbox 23 2369 183 2510; x_wconf 46' lang='lat' dir='ltr'><strong>:31:35pr</strong></span> <span class='ocrx_word' id='word_1_206' title='bbox 205 2389 383 2460; x_wconf 88' lang='lat' dir='ltr'><strong>conceptum</strong></span> <span class='ocrx_word' id='word_1_207' title='bbox 415 2375 643 2454; x_wconf 80' lang='lat' dir='ltr'><strong>transferentes,</strong></span> <span class='ocrx_word' id='word_1_208' title='bbox 672 2376 752 2460; x_wconf 89' lang='lat' dir='ltr'><strong>quod</strong></span> <span class='ocrx_word' id='word_1_209' title='bbox 778 2375 815 2436; x_wconf 86' lang='lat' dir='ltr'><strong>de</strong></span> <span class='ocrx_word' id='word_1_210' title='bbox 846 2392 951 2435; x_wconf 86' lang='lat' dir='ltr'><strong>arcana</strong></span> <span class='ocrx_word' id='word_1_211' title='bbox 976 2371 1102 2452; x_wconf 85' lang='lat' dir='ltr'><strong>Spiritus</strong></span> 
     </span>
     <span class='ocr_line' id='line_1_27' title="bbox 33 2467 211 2516; baseline 0 -2"><span class='ocrx_word' id='word_1_212' title='bbox 33 2470 37 2481; x_wconf 88' lang='lat'>&#39;</span> <span class='ocrx_word' id='word_1_213' title='bbox 123 2467 211 2516; x_wconf 82' lang='lat' dir='ltr'><strong>mter.</strong></span> 
     </span>
    </p>

    <p class='ocr_par' dir='ltr' id='par_1_4' title="bbox 24 2523 1102 4366">
     <span class='ocr_line' id='line_1_28' title="bbox 68 2523 1102 2610; baseline -0.006 -20"><span class='ocrx_word' id='word_1_214' title='bbox 68 2531 104 2590; x_wconf 72' lang='lat' dir='ltr'><strong>‘ld</strong></span> <span class='ocrx_word' id='word_1_215' title='bbox 135 2529 243 2594; x_wconf 70' lang='lat' dir='ltr'><strong>Nm</strong></span> <span class='ocrx_word' id='word_1_216' title='bbox 261 2533 323 2593; x_wconf 77' lang='lat' dir='ltr'><strong>elas</strong></span> <span class='ocrx_word' id='word_1_217' title='bbox 340 2527 511 2592; x_wconf 64' lang='lat' dir='ltr'><strong>Ioannou.</strong></span> <span class='ocrx_word' id='word_1_218' title='bbox 551 2527 637 2594; x_wconf 89' lang='lat' dir='ltr'><strong>Solet</strong></span> <span class='ocrx_word' id='word_1_219' title='bbox 654 2527 773 2610; x_wconf 86' lang='lat' dir='ltr'><strong>quidem</strong></span> <span class='ocrx_word' id='word_1_220' title='bbox 783 2523 849 2588; x_wconf 85' lang='lat' dir='ltr'><strong>Seri</strong></span> <span class='ocrx_word' id='word_1_221' title='bbox 872 2524 989 2586; x_wconf 85' lang='lat' dir='ltr'><strong>turasic</strong></span> <span class='ocrx_word' id='word_1_222' title='bbox 1008 2523 1102 2606; x_wconf 89' lang='lat' dir='ltr'><strong>loqui,</strong></span> 
     </span>
     <span class='ocr_line' id='line_1_29' title="bbox 24 2546 1101 2698; baseline -0.004 -32"><span class='ocrx_word' id='word_1_223' title='bbox 24 2595 86 2658; x_wconf 56' lang='grc' dir='ltr'><strong>’Μ</strong></span> <span class='ocrx_word' id='word_1_224' title='bbox 100 2625 155 2666; x_wconf 79' lang='lat' dir='ltr'><strong>etse</strong></span> <span class='ocrx_word' id='word_1_225' title='bbox 172 2607 343 2682; x_wconf 83' lang='lat' dir='ltr'><strong>nobiscum,</strong></span> <span class='ocrx_word' id='word_1_226' title='bbox 366 2607 417 2668; x_wconf 92' lang='lat' dir='ltr'><strong>ubi</strong></span> <span class='ocrx_word' id='word_1_227' title='bbox 442 2605 548 2668; x_wconf 85' lang='lat' dir='ltr'><strong>auxilio</strong></span> <span class='ocrx_word' id='word_1_228' title='bbox 572 2627 627 2668; x_wconf 87' lang='lat' dir='ltr'><strong>suo</strong></span> <span class='ocrx_word' id='word_1_229' title='bbox 648 2617 678 2666; x_wconf 91' lang='lat' dir='ltr'><strong>et</strong></span> <span class='ocrx_word' id='word_1_230' title='bbox 695 2605 788 2698; x_wconf 71' lang='lat' dir='ltr'><strong>gratia</strong></span> <span class='ocrx_word' id='word_1_231' title='bbox 809 2546 895 2664; x_wconf 75' lang='lat' dir='ltr'><strong>nohis</strong></span> <span class='ocrx_word' id='word_1_232' title='bbox 915 2601 1011 2696; x_wconf 75' lang='lat' dir='ltr'><strong>adest²</strong></span> <span class='ocrx_word' id='word_1_233' title='bbox 1037 2621 1101 2692; x_wconf 80' lang='lat' dir='ltr'><strong>ma·</strong></span> 
     </span>
     <span class='ocr_line' id='line_1_30' title="bbox 25 2679 1101 2776; baseline -0.005 -33"><span class='ocrx_word' id='word_1_234' title='bbox 25 2693 97 2752; x_wconf 62' lang='lat' dir='ltr'><strong>&#39;tutte</strong></span> <span class='ocrx_word' id='word_1_235' title='bbox 112 2703 172 2744; x_wconf 82' lang='lat' dir='ltr'><strong>snae</strong></span> <span class='ocrx_word' id='word_1_236' title='bbox 190 2686 328 2746; x_wconf 85' lang='lat' dir='ltr'><strong>virtutem</strong></span> <span class='ocrx_word' id='word_1_237' title='bbox 348 2683 384 2744; x_wconf 92' lang='lat' dir='ltr'><strong>ad</strong></span> <span class='ocrx_word' id='word_1_238' title='bbox 405 2705 463 2776; x_wconf 67' lang='lat' dir='ltr'><strong>nos</strong></span> <span class='ocrx_word' id='word_1_239' title='bbox 478 2683 606 2775; x_wconf 71' lang='lat' dir='ltr'><strong>tuendos</strong></span> <span class='ocrx_word' id='word_1_240' title='bbox 627 2693 741 2774; x_wconf 64' lang='lat' dir='ltr'><strong>excerpt.</strong></span> <span class='ocrx_word' id='word_1_241' title='bbox 780 2679 841 2741; x_wconf 89' lang='lat' dir='ltr'><strong>Sed</strong></span> <span class='ocrx_word' id='word_1_242' title='bbox 862 2679 908 2740; x_wconf 92' lang='lat' dir='ltr'><strong>bic</strong></span> <span class='ocrx_word' id='word_1_243' title='bbox 929 2689 1101 2772; x_wconf 75' lang='lat' dir='ltr'><strong>exprrmrtur</strong></span> 
     </span>
     <span class='ocr_line' id='line_1_31' title="bbox 25 2753 1098 2916; baseline -0.017 -24"><span class='ocrx_word' id='word_1_244' title='bbox 25 2755 551 2916; x_wconf 59' lang='lat' dir='ltr'><strong>tbrttlttrftltttft?</strong></span> <span class='ocrx_word' id='word_1_245' title='bbox 564 2757 890 2899; x_wconf 60' lang='lat' dir='ltr'><strong>ttttttt‘tioltt</strong></span> <span class='ocrx_word' id='word_1_246' title='bbox 908 2753 1098 2892; x_wconf 63' lang='lat' dir='ltr'><strong>iiiiiiliii</strong></span> 
     </span>
     <span class='ocr_line' id='line_1_32' title="bbox 26 2907 1097 2988; baseline -0.007 -18"><span class='ocrx_word' id='word_1_247' title='bbox 26 2922 84 2969; x_wconf 66' lang='lat' dir='ltr'><strong>tfltr</strong></span> <span class='ocrx_word' id='word_1_248' title='bbox 98 2911 123 2970; x_wconf 84' lang='lat' dir='ltr'><strong>in</strong></span> <span class='ocrx_word' id='word_1_249' title='bbox 139 2913 196 2976; x_wconf 82' lang='lat' dir='ltr'><strong>eius</strong></span> <span class='ocrx_word' id='word_1_250' title='bbox 238 2913 350 2988; x_wconf 80' lang='lat' dir='ltr'><strong>catiano,</strong></span> <span class='ocrx_word' id='word_1_251' title='bbox 368 2911 419 2974; x_wconf 86' lang='lat' dir='ltr'><strong>sed</strong></span> <span class='ocrx_word' id='word_1_252' title='bbox 440 2933 529 2974; x_wconf 84' lang='lat' dir='ltr'><strong>unum</strong></span> <span class='ocrx_word' id='word_1_253' title='bbox 551 2933 616 2973; x_wconf 88' lang='lat' dir='ltr'><strong>cum</strong></span> <span class='ocrx_word' id='word_1_254' title='bbox 638 2933 674 2971; x_wconf 86' lang='lat' dir='ltr'><strong>eo</strong></span> <span class='ocrx_word' id='word_1_255' title='bbox 696 2911 863 2986; x_wconf 54' lang='lat' dir='ltr'><strong>efficimur„</strong></span> <span class='ocrx_word' id='word_1_256' title='bbox 888 2907 980 2982; x_wconf 88' lang='lat' dir='ltr'><strong>Quod</strong></span> <span class='ocrx_word' id='word_1_257' title='bbox 1000 2916 1097 2966; x_wconf 87' lang='lat' dir='ltr'><strong>autern</strong></span> 
     </span>
     <span class='ocr_line' id='line_1_33' title="bbox 26 2934 1099 3070; baseline -0.002 -28"><span class='ocrx_word' id='word_1_258' title='bbox 26 2990 78 3063; x_wconf 68' lang='lat' dir='ltr'><strong>luet</strong></span> <span class='ocrx_word' id='word_1_259' title='bbox 92 2986 182 3050; x_wconf 78' lang='lat' dir='ltr'><strong>Paulus</strong></span> <span class='ocrx_word' id='word_1_260' title='bbox 199 2934 241 3070; x_wconf 66' lang='lat' dir='ltr'><strong>(h.</strong></span> <span class='ocrx_word' id='word_1_261' title='bbox 264 2989 291 3052; x_wconf 85' lang='lat' dir='ltr'><strong>h.</strong></span> <span class='ocrx_word' id='word_1_262' title='bbox 308 2996 339 3064; x_wconf 79' lang='lat'><strong>2,</strong></span> <span class='ocrx_word' id='word_1_263' title='bbox 358 2995 404 3056; x_wconf 86' lang='lat'><strong>17.</strong></span> <span class='ocrx_word' id='word_1_264' title='bbox 423 2989 513 3052; x_wconf 80' lang='lat' dir='ltr'><strong>nent</strong></span> <span class='ocrx_word' id='word_1_265' title='bbox 531 2993 561 3064; x_wconf 81' lang='lat'><strong>6,</strong></span> <span class='ocrx_word' id='word_1_266' title='bbox 580 2989 747 3066; x_wconf 80' lang='lat'>12-15.)‚</span> <span class='ocrx_word' id='word_1_267' title='bbox 772 2985 899 3046; x_wconf 90' lang='lat' dir='ltr'><strong>Iudaeos</strong></span> <span class='ocrx_word' id='word_1_268' title='bbox 920 2983 1007 3044; x_wconf 87' lang='lat' dir='ltr'><strong>fuisse</strong></span> <span class='ocrx_word' id='word_1_269' title='bbox 1027 3001 1099 3062; x_wconf 93' lang='lat' dir='ltr'><strong>pro·</strong></span> 
     </span>
     <span class='ocr_line' id='line_1_34' title="bbox 27 3013 1098 3157; baseline -0.01 -31"><span class='ocrx_word' id='word_1_270' title='bbox 27 3075 107 3143; x_wconf 53' lang='lat' dir='ltr'><strong>iquos</strong></span> <span class='ocrx_word' id='word_1_271' title='bbox 122 3065 182 3128; x_wconf 80' lang='lat' dir='ltr'><strong>lico</strong></span> <span class='ocrx_word' id='word_1_272' title='bbox 201 3013 261 3128; x_wconf 61' lang='lat' dir='ltr'><strong>sud</strong></span> <span class='ocrx_word' id='word_1_273' title='bbox 277 3065 369 3157; x_wconf 67' lang='lat' dir='ltr'><strong>Lege,</strong></span> <span class='ocrx_word' id='word_1_274' title='bbox 389 3063 477 3128; x_wconf 75' lang='lat' dir='ltr'><strong>subse</strong></span> <span class='ocrx_word' id='word_1_275' title='bbox 497 3084 568 3128; x_wconf 86' lang='lat' dir='ltr'><strong>vero</strong></span> <span class='ocrx_word' id='word_1_276' title='bbox 589 3062 630 3126; x_wconf 85' lang='lat' dir='ltr'><strong>illi</strong></span> <span class='ocrx_word' id='word_1_277' title='bbox 650 3061 774 3146; x_wconf 83' lang='lat' dir='ltr'><strong>capitale</strong></span> <span class='ocrx_word' id='word_1_278' title='bbox 795 3083 860 3122; x_wconf 90' lang='lat' dir='ltr'><strong>cum</strong></span> <span class='ocrx_word' id='word_1_279' title='bbox 880 3059 1019 3141; x_wconf 78' lang='lat' dir='ltr'><strong>gentibus</strong></span> <span class='ocrx_word' id='word_1_280' title='bbox 1039 3057 1098 3116; x_wconf 90' lang='lat' dir='ltr'><strong>dis-</strong></span> 
     </span>
     <span class='ocr_line' id='line_1_35' title="bbox 29 3133 1098 3224; baseline -0.009 -24"><span class='ocrx_word' id='word_1_281' title='bbox 29 3138 100 3222; x_wconf 64' lang='lat' dir='ltr'><strong>stra,</strong></span> <span class='ocrx_word' id='word_1_282' title='bbox 113 3163 167 3210; x_wconf 80' lang='lat' dir='ltr'><strong>noa</strong></span> <span class='ocrx_word' id='word_1_283' title='bbox 186 3143 265 3209; x_wconf 83' lang='lat' dir='ltr'><strong>aliod</strong></span> <span class='ocrx_word' id='word_1_284' title='bbox 284 3141 341 3204; x_wconf 89' lang='lat' dir='ltr'><strong>sibr</strong></span> <span class='ocrx_word' id='word_1_285' title='bbox 360 3141 433 3216; x_wconf 82' lang='lat' dir='ltr'><strong>vult,</strong></span> <span class='ocrx_word' id='word_1_286' title='bbox 453 3163 539 3224; x_wconf 87' lang='lat' dir='ltr'><strong>quam</strong></span> <span class='ocrx_word' id='word_1_287' title='bbox 556 3139 654 3202; x_wconf 88' lang='lat' dir='ltr'><strong>Deum</strong></span> <span class='ocrx_word' id='word_1_288' title='bbox 673 3152 744 3203; x_wconf 91' lang='lat' dir='ltr'><strong>tunc</strong></span> <span class='ocrx_word' id='word_1_289' title='bbox 764 3139 794 3197; x_wconf 92' lang='lat' dir='ltr'><strong>in</strong></span> <span class='ocrx_word' id='word_1_290' title='bbox 814 3135 926 3197; x_wconf 87' lang='lat' dir='ltr'><strong>umbris</strong></span> <span class='ocrx_word' id='word_1_291' title='bbox 947 3146 977 3193; x_wconf 89' lang='lat' dir='ltr'><strong>et</strong></span> <span class='ocrx_word' id='word_1_292' title='bbox 996 3133 1098 3214; x_wconf 79' lang='lat' dir='ltr'><strong>figuris</strong></span> 
     </span>
     <span class='ocr_line' id='line_1_36' title="bbox 34 3206 1099 3347; baseline -0.013 -68"><span class='ocrx_word' id='word_1_293' title='bbox 34 3219 370 3311; x_wconf 53' lang='lat' dir='ltr'><strong>“repraesentatione</strong></span> <span class='ocrx_word' id='word_1_294' title='bbox 388 3217 472 3309; x_wconf 65' lang='lat' dir='ltr'><strong>signa</strong></span> <span class='ocrx_word' id='word_1_295' title='bbox 489 3237 529 3300; x_wconf 89' lang='lat' dir='ltr'><strong>po</strong></span> <span class='ocrx_word' id='word_1_296' title='bbox 548 3216 616 3308; x_wconf 74' lang='lat' dir='ltr'><strong>ulo,</strong></span> <span class='ocrx_word' id='word_1_297' title='bbox 632 3236 726 3308; x_wconf 34' lang='lat' dir='ltr'><strong>&#39;quem</strong></span> <span class='ocrx_word' id='word_1_298' title='bbox 746 3213 944 3347; x_wconf 65' lang='lat' dir='ltr'><strong>adoptaverat.</strong></span> <span class='ocrx_word' id='word_1_299' title='bbox 970 3206 1099 3300; x_wconf 55' lang='lat' dir='ltr'><strong>§figebat</strong></span> 
     </span>
     <span class='ocr_line' id='line_1_37' title="bbox 29 3238 1098 3376; baseline -0.009 -22"><span class='ocrx_word' id='word_1_300' title='bbox 29 3293 307 3376; x_wconf 63' lang='lat' dir='ltr'><strong>“wdapronussro,</strong></span> <span class='ocrx_word' id='word_1_301' title='bbox 325 3295 407 3356; x_wconf 88' lang='lat' dir='ltr'><strong>Dens</strong></span> <span class='ocrx_word' id='word_1_302' title='bbox 427 3316 458 3356; x_wconf 82' lang='lat' dir='ltr'><strong>sn</strong></span> <span class='ocrx_word' id='word_1_303' title='bbox 478 3238 577 3358; x_wconf 70' lang='lat' dir='ltr'><strong>medlo</strong></span> <span class='ocrx_word' id='word_1_304' title='bbox 598 3305 656 3354; x_wconf 86' lang='lat' dir='ltr'><strong>tur:</strong></span> <span class='ocrx_word' id='word_1_305' title='bbox 687 3303 772 3364; x_wconf 88' lang='lat' dir='ltr'><strong>rtem,</strong></span> <span class='ocrx_word' id='word_1_306' title='bbox 828 3309 879 3348; x_wconf 89' lang='lat' dir='ltr'><strong>aee</strong></span> <span class='ocrx_word' id='word_1_307' title='bbox 899 3303 1014 3366; x_wconf 88' lang='lat' dir='ltr'><strong>requres</strong></span> <span class='ocrx_word' id='word_1_308' title='bbox 1034 3303 1098 3344; x_wconf 84' lang='lat' dir='ltr'><strong>mea</strong></span> 
     </span>
     <span class='ocr_line' id='line_1_38' title="bbox 27 3357 1097 3451; baseline 0.011 -44"><span class='ocrx_word' id='word_1_309' title='bbox 27 3357 88 3428; x_wconf 77' lang='lat' dir='ltr'><strong>tot</strong></span> <span class='ocrx_word' id='word_1_310' title='bbox 101 3375 125 3442; x_wconf 76' lang='lat' dir='ltr'><strong>i,</strong></span> <span class='ocrx_word' id='word_1_311' title='bbox 140 3377 184 3438; x_wconf 71' lang='lat' dir='ltr'><strong>bl.</strong></span> <span class='ocrx_word' id='word_1_312' title='bbox 204 3371 280 3436; x_wconf 73' lang='lat' dir='ltr'><strong>Psal-</strong></span> <span class='ocrx_word' id='word_1_313' title='bbox 300 3377 367 3445; x_wconf 75' lang='lat'><strong>132.</strong></span> <span class='ocrx_word' id='word_1_314' title='bbox 387 3373 455 3448; x_wconf 68' lang='lat' dir='ltr'><strong>fd).</strong></span> <span class='ocrx_word' id='word_1_315' title='bbox 494 3369 554 3432; x_wconf 84' lang='lat' dir='ltr'><strong>Sed</strong></span> <span class='ocrx_word' id='word_1_316' title='bbox 569 3392 660 3451; x_wconf 86' lang='lat' dir='ltr'><strong>quum</strong></span> <span class='ocrx_word' id='word_1_317' title='bbox 680 3367 824 3430; x_wconf 88' lang='lat' dir='ltr'><strong>familiaris</strong></span> <span class='ocrx_word' id='word_1_318' title='bbox 842 3363 890 3423; x_wconf 94' lang='lat' dir='ltr'><strong>illa</strong></span> <span class='ocrx_word' id='word_1_319' title='bbox 911 3358 1097 3444; x_wconf 88' lang='lat' dir='ltr'><strong>populicum</strong></span> 
     </span>
     <span class='ocr_line' id='line_1_39' title="bbox 27 3426 1098 3530; baseline -0.01 -25"><span class='ocrx_word' id='word_1_320' title='bbox 27 3426 219 3510; x_wconf 69' lang='lat' dir='ltr'><strong>bs‹tronionctio</strong></span> <span class='ocrx_word' id='word_1_321' title='bbox 237 3447 432 3510; x_wconf 85' lang='lat' dir='ltr'><strong>abiadiatore</strong></span> <span class='ocrx_word' id='word_1_322' title='bbox 452 3447 606 3530; x_wconf 84' lang='lat' dir='ltr'><strong>penderet,</strong></span> <span class='ocrx_word' id='word_1_323' title='bbox 625 3444 705 3525; x_wconf 90' lang='lat' dir='ltr'><strong>qnod</strong></span> <span class='ocrx_word' id='word_1_324' title='bbox 726 3463 758 3503; x_wconf 86' lang='lat' dir='ltr'><strong>re</strong></span> <span class='ocrx_word' id='word_1_325' title='bbox 777 3443 839 3524; x_wconf 85' lang='lat' dir='ltr'><strong>ipsa</strong></span> <span class='ocrx_word' id='word_1_326' title='bbox 858 3439 989 3501; x_wconf 89' lang='lat' dir='ltr'><strong>nondum</strong></span> <span class='ocrx_word' id='word_1_327' title='bbox 1010 3435 1098 3518; x_wconf 90' lang='lat' dir='ltr'><strong>plene</strong></span> 
     </span>
     <span class='ocr_line' id='line_1_40' title="bbox 27 3513 1097 3606; baseline -0.017 -18"><span class='ocrx_word' id='word_1_328' title='bbox 27 3517 115 3596; x_wconf 62' lang='lat' dir='ltr'><strong>motat,</strong></span> <span class='ocrx_word' id='word_1_329' title='bbox 128 3525 265 3606; x_wconf 82' lang='lat' dir='ltr'><strong>symbolis</strong></span> <span class='ocrx_word' id='word_1_330' title='bbox 284 3522 486 3586; x_wconf 87' lang='lat' dir='ltr'><strong>adumbratum</strong></span> <span class='ocrx_word' id='word_1_331' title='bbox 507 3523 571 3584; x_wconf 90' lang='lat' dir='ltr'><strong>fuit.</strong></span> <span class='ocrx_word' id='word_1_332' title='bbox 611 3521 703 3582; x_wconf 88' lang='lat' dir='ltr'><strong>Sedes</strong></span> <span class='ocrx_word' id='word_1_333' title='bbox 723 3521 784 3580; x_wconf 91' lang='lat' dir='ltr'><strong>eius</strong></span> <span class='ocrx_word' id='word_1_334' title='bbox 804 3539 838 3578; x_wconf 87' lang='lat' dir='ltr'><strong>ac</strong></span> <span class='ocrx_word' id='word_1_335' title='bbox 851 3513 1030 3577; x_wconf 88' lang='lat' dir='ltr'><strong>domicilium</strong></span> <span class='ocrx_word' id='word_1_336' title='bbox 1051 3513 1097 3572; x_wconf 89' lang='lat' dir='ltr'><strong>lo-</strong></span> 
     </span>
     <span class='ocr_line' id='line_1_41' title="bbox 26 3587 1098 3682; baseline -0.008 -27"><span class='ocrx_word' id='word_1_337' title='bbox 26 3601 74 3673; x_wconf 55' lang='lat' dir='ltr'><strong>tutu</strong></span> <span class='ocrx_word' id='word_1_338' title='bbox 87 3597 151 3660; x_wconf 87' lang='lat' dir='ltr'><strong>inter</strong></span> <span class='ocrx_word' id='word_1_339' title='bbox 168 3600 344 3676; x_wconf 84' lang='lat' dir='ltr'><strong>Cherubim,</strong></span> <span class='ocrx_word' id='word_1_340' title='bbox 365 3600 503 3680; x_wconf 88' lang='lat' dir='ltr'><strong>quoniam</strong></span> <span class='ocrx_word' id='word_1_341' title='bbox 523 3619 589 3660; x_wconf 88' lang='lat' dir='ltr'><strong>arca</strong></span> <span class='ocrx_word' id='word_1_342' title='bbox 609 3597 722 3682; x_wconf 83' lang='lat' dir='ltr'><strong>gloriae</strong></span> <span class='ocrx_word' id='word_1_343' title='bbox 743 3595 805 3656; x_wconf 90' lang='lat' dir='ltr'><strong>eius</strong></span> <span class='ocrx_word' id='word_1_344' title='bbox 823 3593 915 3676; x_wconf 85' lang='lat' dir='ltr'><strong>figura</strong></span> <span class='ocrx_word' id='word_1_345' title='bbox 936 3603 966 3650; x_wconf 90' lang='lat' dir='ltr'><strong>et</strong></span> <span class='ocrx_word' id='word_1_346' title='bbox 986 3587 1098 3649; x_wconf 82' lang='lat' dir='ltr'><strong>visibile</strong></span> 
     </span>
     <span class='ocr_line' id='line_1_42' title="bbox 26 3665 1096 3750; baseline -0.017 -8"><span class='ocrx_word' id='word_1_347' title='bbox 26 3683 166 3742; x_wconf 64' lang='lat' dir='ltr'><strong>liment.</strong></span> <span class='ocrx_word' id='word_1_348' title='bbox 202 3677 264 3744; x_wconf 86' lang='lat' dir='ltr'><strong>Sed</strong></span> <span class='ocrx_word' id='word_1_349' title='bbox 284 3679 313 3738; x_wconf 85' lang='lat' dir='ltr'><strong>in</strong></span> <span class='ocrx_word' id='word_1_350' title='bbox 335 3677 455 3740; x_wconf 86' lang='lat' dir='ltr'><strong>Christo</strong></span> <span class='ocrx_word' id='word_1_351' title='bbox 475 3673 586 3750; x_wconf 87' lang='lat' dir='ltr'><strong>solida,</strong></span> <span class='ocrx_word' id='word_1_352' title='bbox 612 3696 674 3734; x_wconf 92' lang='lat' dir='ltr'><strong>uon</strong></span> <span class='ocrx_word' id='word_1_353' title='bbox 700 3671 824 3750; x_wconf 79' lang='lat' dir='ltr'><strong>amplius</strong></span> <span class='ocrx_word' id='word_1_354' title='bbox 849 3665 1011 3728; x_wconf 88' lang='lat' dir='ltr'><strong>umbratilis</strong></span> <span class='ocrx_word' id='word_1_355' title='bbox 1037 3665 1096 3724; x_wconf 87' lang='lat' dir='ltr'><strong>Dei</strong></span> 
     </span>
     <span class='ocr_line' id='line_1_43' title="bbox 25 3742 1098 3908; baseline 0.004 -36"><span class='ocrx_word' id='word_1_356' title='bbox 25 3751 475 3892; x_wconf 67' lang='lat' dir='ltr'><strong>terrasticum</strong></span> <span class='ocrx_word' id='word_1_357' title='bbox 494 3742 1098 3908; x_wconf 71' lang='lat' dir='ltr'><strong>rrrrrrrrrmrrtm</strong></span> 
     </span>
     <span class='ocr_line' id='line_1_44' title="bbox 25 3898 1097 3988; baseline -0.008 -27"><span class='ocrx_word' id='word_1_358' title='bbox 25 3899 132 3984; x_wconf 59' lang='lat' dir='ltr'><strong>l&lt;taliter</strong></span> <span class='ocrx_word' id='word_1_359' title='bbox 148 3905 292 3988; x_wconf 79' lang='lat' dir='ltr'><strong>legitimus</strong></span> <span class='ocrx_word' id='word_1_360' title='bbox 302 3918 378 3968; x_wconf 82' lang='lat' dir='ltr'><strong>esset</strong></span> <span class='ocrx_word' id='word_1_361' title='bbox 389 3904 545 3978; x_wconf 82' lang='lat' dir='ltr'><strong>Mediator,</strong></span> <span class='ocrx_word' id='word_1_362' title='bbox 564 3903 620 3964; x_wconf 81' lang='lat' dir='ltr'><strong>nisi</strong></span> <span class='ocrx_word' id='word_1_363' title='bbox 640 3900 788 3962; x_wconf 79' lang='lat' dir='ltr'><strong>individua</strong></span> <span class='ocrx_word' id='word_1_364' title='bbox 808 3898 960 3976; x_wconf 84' lang='lat' dir='ltr'><strong>utriusque</strong></span> <span class='ocrx_word' id='word_1_365' title='bbox 976 3906 1097 3954; x_wconf 88' lang='lat' dir='ltr'><strong>naturae</strong></span> 
     </span>
     <span class='ocr_line' id='line_1_45' title="bbox 26 3969 1096 4062; baseline -0.021 -11"><span class='ocrx_word' id='word_1_366' title='bbox 26 3985 246 4050; x_wconf 57' lang='lat' dir='ltr'><strong>“tamaio</strong></span> <span class='ocrx_word' id='word_1_367' title='bbox 271 3981 405 4044; x_wconf 82' lang='lat' dir='ltr'><strong>hominos</strong></span> <span class='ocrx_word' id='word_1_368' title='bbox 423 3979 492 4042; x_wconf 86' lang='lat' dir='ltr'><strong>Ileo</strong></span> <span class='ocrx_word' id='word_1_369' title='bbox 517 3978 701 4062; x_wconf 73' lang='lat' dir='ltr'><strong>adiungeret.</strong></span> <span class='ocrx_word' id='word_1_370' title='bbox 744 3977 850 4055; x_wconf 81' lang='lat' dir='ltr'><strong>Neque</strong></span> <span class='ocrx_word' id='word_1_371' title='bbox 875 3969 1021 4052; x_wconf 86' lang='lat' dir='ltr'><strong>estquod</strong></span> <span class='ocrx_word' id='word_1_372' title='bbox 1041 3969 1096 4031; x_wconf 92' lang='lat' dir='ltr'><strong>ob-</strong></span> 
     </span>
     <span class='ocr_line' id='line_1_46' title="bbox 28 4043 1096 4140; baseline -0.011 -25"><span class='ocrx_word' id='word_1_373' title='bbox 28 4062 112 4134; x_wconf 61' lang='lat' dir='ltr'><strong>t&#39;tfptat</strong></span> <span class='ocrx_word' id='word_1_374' title='bbox 126 4057 231 4134; x_wconf 88' lang='lat' dir='ltr'><strong>ludaei,</strong></span> <span class='ocrx_word' id='word_1_375' title='bbox 252 4057 405 4120; x_wconf 79' lang='lat' dir='ltr'><strong>transferri</strong></span> <span class='ocrx_word' id='word_1_376' title='bbox 424 4075 511 4140; x_wconf 85' lang='lat' dir='ltr'><strong>saepe</strong></span> <span class='ocrx_word' id='word_1_377' title='bbox 527 4055 586 4122; x_wconf 84' lang='lat' dir='ltr'><strong>Dei</strong></span> <span class='ocrx_word' id='word_1_378' title='bbox 605 4073 715 4116; x_wconf 84' lang='lat' dir='ltr'><strong>nomen</strong></span> <span class='ocrx_word' id='word_1_379' title='bbox 735 4053 772 4115; x_wconf 91' lang='lat' dir='ltr'><strong>ad</strong></span> <span class='ocrx_word' id='word_1_380' title='bbox 792 4074 825 4116; x_wconf 84' lang='lat' dir='ltr'><strong>ea</strong></span> <span class='ocrx_word' id='word_1_381' title='bbox 845 4059 1046 4119; x_wconf 84' lang='lat' dir='ltr'><strong>monomenta,</strong></span> <span class='ocrx_word' id='word_1_382' title='bbox 1066 4043 1096 4106; x_wconf 90' lang='lat' dir='ltr'><strong>in</strong></span> 
     </span>
     <span class='ocr_line' id='line_1_47' title="bbox 31 4127 1096 4214; baseline -0.016 -20"><span class='ocrx_word' id='word_1_383' title='bbox 31 4127 93 4210; x_wconf 62' lang='lat' dir='ltr'><strong>otho</strong></span> <span class='ocrx_word' id='word_1_384' title='bbox 107 4153 132 4192; x_wconf 84' lang='lat' dir='ltr'><strong>se</strong></span> <span class='ocrx_word' id='word_1_385' title='bbox 153 4133 283 4197; x_wconf 79' lang='lat' dir='ltr'><strong>fidelibus</strong></span> <span class='ocrx_word' id='word_1_386' title='bbox 303 4134 404 4195; x_wconf 85' lang='lat' dir='ltr'><strong>adesse</strong></span> <span class='ocrx_word' id='word_1_387' title='bbox 425 4143 544 4194; x_wconf 85' lang='lat' dir='ltr'><strong>testatus</strong></span> <span class='ocrx_word' id='word_1_388' title='bbox 565 4142 616 4193; x_wconf 79' lang='lat' dir='ltr'><strong>est</strong></span> <span class='ocrx_word' id='word_1_389' title='bbox 661 4130 771 4214; x_wconf 76' lang='lat' dir='ltr'><strong>Negari</strong></span> <span class='ocrx_word' id='word_1_390' title='bbox 795 4128 874 4188; x_wconf 86' lang='lat' dir='ltr'><strong>enirn</strong></span> <span class='ocrx_word' id='word_1_391' title='bbox 899 4145 961 4185; x_wconf 90' lang='lat' dir='ltr'><strong>non</strong></span> <span class='ocrx_word' id='word_1_392' title='bbox 986 4129 1096 4214; x_wconf 85' lang='lat' dir='ltr'><strong>potest,</strong></span> 
     </span>
     <span class='ocr_line' id='line_1_48' title="bbox 31 4200 1096 4290; baseline -0.008 -22"><span class='ocrx_word' id='word_1_393' title='bbox 31 4215 72 4290; x_wconf 28' lang='grc' dir='ltr'><strong>’Μ’</strong></span> <span class='ocrx_word' id='word_1_394' title='bbox 84 4207 126 4268; x_wconf 85' lang='lat' dir='ltr'><strong>boc</strong></span> <span class='ocrx_word' id='word_1_395' title='bbox 142 4231 246 4276; x_wconf 78' lang='lat' dir='ltr'><strong>nomen</strong></span> <span class='ocrx_word' id='word_1_396' title='bbox 265 4211 383 4274; x_wconf 84' lang='lat' dir='ltr'><strong>tacitam</strong></span> <span class='ocrx_word' id='word_1_397' title='bbox 403 4208 435 4270; x_wconf 91' lang='lat' dir='ltr'><strong>in</strong></span> <span class='ocrx_word' id='word_1_398' title='bbox 455 4227 487 4270; x_wconf 87' lang='lat' dir='ltr'><strong>se</strong></span> <span class='ocrx_word' id='word_1_399' title='bbox 505 4207 664 4270; x_wconf 78' lang='lat' dir='ltr'><strong>antithesin</strong></span> <span class='ocrx_word' id='word_1_400' title='bbox 678 4207 840 4279; x_wconf 82' lang='lat' dir='ltr'><strong>contineat,</strong></span> <span class='ocrx_word' id='word_1_401' title='bbox 854 4221 928 4283; x_wconf 88' lang='lat' dir='ltr'><strong>qnae</strong></span> <span class='ocrx_word' id='word_1_402' title='bbox 941 4200 999 4260; x_wconf 89' lang='lat' dir='ltr'><strong>Der</strong></span> <span class='ocrx_word' id='word_1_403' title='bbox 1012 4213 1096 4274; x_wconf 75' lang='lat' dir='ltr'><strong>prae·</strong></span> 
     </span>
     <span class='ocr_line' id='line_1_49' title="bbox 30 4276 1099 4366; baseline -0.017 -20"><span class='ocrx_word' id='word_1_404' title='bbox 30 4291 109 4342; x_wconf 69' lang='lat' dir='ltr'><strong>suan</strong></span> <span class='ocrx_word' id='word_1_405' title='bbox 121 4286 270 4354; x_wconf 71' lang='lat' dir='ltr'><strong>othrim</strong></span> <span class='ocrx_word' id='word_1_406' title='bbox 289 4285 447 4352; x_wconf 71' lang='lat' dir='ltr'><strong>exhibitam</strong></span> <span class='ocrx_word' id='word_1_407' title='bbox 461 4297 611 4364; x_wconf 80' lang='lat' dir='ltr'><strong>comparat</strong></span> <span class='ocrx_word' id='word_1_408' title='bbox 624 4305 689 4348; x_wconf 86' lang='lat' dir='ltr'><strong>cum</strong></span> <span class='ocrx_word' id='word_1_409' title='bbox 702 4293 767 4344; x_wconf 92' lang='lat' dir='ltr'><strong>toto</strong></span> <span class='ocrx_word' id='word_1_410' title='bbox 783 4276 965 4366; x_wconf 83' lang='lat' dir='ltr'><strong>praescntiae</strong></span> <span class='ocrx_word' id='word_1_411' title='bbox 977 4289 1099 4352; x_wconf 72' lang='lat' dir='ltr'><strong>penora,</strong></span> 
     </span>
    </p>
   </div>
   <div class='ocr_carea' id='block_1_3' title="bbox 0 0 1266 4852">
    <p class='ocr_par' dir='ltr' id='par_1_5' title="bbox 0 0 1266 4852">
     <span class='ocr_line' id='line_1_50' title="bbox 0 0 1266 4852; baseline 0 2"><span class='ocrx_word' id='word_1_412' title='bbox 0 0 1266 4852; x_wconf 95' lang='lat' dir='ltr'><strong> </strong></span> 
     </span>
    </p>
   </div>
  </div>
 </body>
</html>
