2500 4852
139 235 197 300 188
407 233 521 298 SECT.
540 233 622 298 XVL
659 251 735 298 arra
754 251 789 298 m
808 249 1000 300 recusarem
1238 179 1239 246 l

138 387 272 454 multam
299 407 378 454 reru
404 389 559 478 temporis
586 391 674 456 veuit
701 387 850 456 dontinus
876 409 1039 455 cervorum
1057 383 1218 464 {detumet

139 491 231 580 ponit
256 491 412 558 rationem
441 513 512 558 cum
540 493 599 560 eis.
652 493 707 558 20.
738 482 780 558 Et
800 489 957 558 accedeua
978 493 1020 574 ir,
1045 491 1218 576 quiquidque

139 592 256 660 talenta
282 603 463 684 acceperat,
490 591 596 658 attulit
616 592 716 660 uitem
737 597 881 683 quinqua
901 592 1031 671 talenta,
1050 590 1157 670 uun,
1171 590 1219 655 Du

138 697 233 773 mine,
254 697 398 784 quinque
417 695 535 762 talenta
555 695 716 762 tradidisti
736 697 822 776 mibi,
845 715 921 763 ecce
943 695 1039 761 altera
1058 695 1219 782 quinquen

140 795 226 864 lenta
247 797 389 866 lucratur
408 820 478 866 aum
499 819 557 886 per
579 819 627 864 ea.
667 799 722 864 21.
748 801 805 866 Ait
824 797 872 864 iili
894 797 1042 864 dominor
1062 799 1136 872 eius,
1159 795 1216 878 Euge

140 919 234 968 aerae
252 898 341 966 bone
363 909 395 966 et
414 897 534 980 fidelia,
560 920 659 986 anper
679 921 780 988 pauca
801 901 889 966 {niati
910 897 1030 978 fidelia,
1053 919 1139 986 ropac
1154 881 1239 961 rauba¹

140 1013 174 1071 te
201 1005 405 1068 constituam:
436 1002 520 1066 intra
548 1002 583 1067 ia
609 1003 759 1090 gaudium
783 1000 905 1070 domiui
925 1005 981 1068 tui.
1022 1001 1074 1066 22
1098 998 1220 1066 Accedent

140 1113 245 1172 aretem
265 1115 296 1170 et
318 1103 374 1192 qui
398 1101 466 1168 duo
487 1102 605 1170 talenta
626 1113 801 1191 acceperat,
821 1105 874 1186 ait,
895 1105 1045 1186 Domine,
1064 1101 1124 1168 duo
1140 1101 1221 1168 talenta

139 1205 299 1272 tradidisti
320 1205 409 1271 mibi:
441 1226 518 1272 ecce
539 1205 601 1271 alia
625 1205 692 1273 duo
712 1205 854 1273 lucratus
874 1228 946 1273 aum
968 1227 1029 1294 per
1047 1227 1092 1271 ea.
1127 1205 1239 1298 2111

139 1307 186 1376 iiii
213 1307 361 1374 dontinus
387 1309 469 1386 eiua,
502 1308 594 1394 Euge
619 1329 712 1374 aerve
740 1306 827 1375 boue
849 1317 881 1375 et
901 1307 1025 1388 fidelia,
1051 1329 1139 1396 cuper
1154 1327 1221 1394 pauca

139 1411 227 1481 iuiati
256 1407 377 1490 fidelis,
410 1407 631 1497 superunita
657 1421 689 1478 te
719 1411 925 1478 constituam:
958 1411 1042 1476 iutra
1064 1411 1097 1476 iu
1115 1407 1239 1496 gaudina]

140 1513 263 1580 douuni
290 1516 348 1580 tui.
398 1511 451 1576 nt.
479 1512 646 1579 Accedam
668 1523 772 1579 antem
795 1516 904 1600 etqui
924 1533 1027 1578 uuam
1047 1511 1176 1578 taieutcn
1190 1531 1224 1572 aa

139 1625 274 1706 ceperat,
295 1618 348 1690 ait,
368 1613 516 1695 Domine,
538 1635 690 1680 noveram
713 1625 754 1696 te,
776 1615 864 1704 quud
886 1616 986 1682 bomo
1008 1614 1105 1681 durur
1124 1615 1167 1692 sia,
1183 1611 1239 1676 nef

139 1729 209 1787 tena
236 1715 293 1784 ubi
321 1739 389 1784 uon
411 1719 592 1798 aeutiraaati,
614 1727 646 1785 et
667 1717 743 1784 inde
764 1739 963 1804 congregans
986 1717 1044 1784 ubi
1064 1739 1126 1784 nau
1143 1715 1224 1803 apam-

138 1825 189 1888 ati.
232 1821 285 1887 25.
306 1821 356 1886 Ac
378 1822 506 1886 territur
521 1817 603 1899 abii,
624 1819 846 1907 abscondique
864 1820 1019 1886 talentum
1031 1822 1239 1900 tuumintcmq

138 1943 213 1990 ecce
234 1921 342 2002 babes,
366 1919 455 2010 quod
476 1931 565 1988 tumu
588 1932 645 1989 cst.
686 1923 740 1990 26.
762 1921 977 2011 Respondeas
1000 1933 1101 1989 autem
1118 1903 1239 1988 doniam

138 2027 218 2106 eiua,
246 2023 325 2090 dixit
347 2027 386 2105 ei,
409 2023 510 2092 Serve
532 2024 614 2092 anule
635 2035 667 2092 et
688 2029 788 2114 piger,
810 2023 935 2092 aciebaa
957 2024 1051 2114 qnod
1072 2035 1176 2100 metam,
1190 2017 1225 2084 ubi

137 2149 205 2195 uua
226 2129 388 2206 seminari,
410 2137 441 2192 et
462 2148 651 2216 congregem
673 2129 771 2208 illinc,
793 2126 850 2195 ubi
865 2149 933 2194 oon
947 2130 1064 2216 eparci.
1094 2125 1239 2211 atoma

137 2233 198 2298 tuit
219 2249 297 2318 ergo
318 2238 350 2296 te
372 2233 568 2297 committere
590 2235 756 2318 pecuniam
778 2253 878 2298 meam
900 2235 1077 2312 mensariis,
1096 2229 1224 2312 etvenieus

138 2356 200 2420 ego
221 2333 412 2421 recepissem
434 2334 546 2419 ntique
567 2332 656 2419 quod
677 2357 781 2402 meum
803 2345 852 2402 eet
872 2355 944 2402 cauo
966 2356 1077 2402 ucnra.
1114 2332 1159 2398 28.
1174 2325 1226 2394 Toi-

138 2436 195 2506 lite
219 2439 327 2524 itaque
349 2433 392 2500 ab
415 2455 456 2500 eo
477 2435 645 2518 talentum,
674 2447 706 2502 ct
727 2437 800 2504 date
822 2439 866 2516 ei,
894 2437 951 2525 qui
973 2436 1073 2503 babet
1091 2434 1182 2501 deceta
1197 2441 1225 2494 u

137 2539 234 2607 lenta.
285 2539 338 2606 29.
376 2535 476 2604 Omni
502 2538 586 2602 enim
614 2537 744 2606 habenti
770 2537 913 2620 dabitur,
940 2549 971 2604 et
993 2535 1169 2606 abundabit:
1191 2532 1239 2617 qni}

138 2663 219 2712 voro
247 2661 317 2708 non
343 2637 452 2720 babet,
479 2641 573 2706 etiem
594 2637 630 2706 id
651 2641 741 2730 quud
761 2640 858 2710 babet
878 2642 1042 2710 auferetur
1061 2641 1101 2708 ab
1120 2662 1162 2706 eo.
1191 2636 1239 2700 at„

137 2744 180 2810 Et
207 2741 348 2808 inutilem
376 2762 503 2808 cervum
532 2743 636 2809 eiicite
662 2747 697 2812 in
723 2744 872 2812 tenebrae
894 2747 1086 2813 exteriores:
1118 2743 1173 2812 itte
1188 2738 1239 2832 erit}

138 2844 233 2915 fletus
255 2853 287 2912 et
306 2841 428 2912 stridor
448 2843 599 2913 dentium.

221 3098 325 3168 LUC.
345 3101 428 3170 xlx.
472 3099 524 3168 11.
557 3101 646 3168 Haec
672 3099 738 3168 illia
764 3100 985 3184 audientibus,
1017 3092 1229 3172 enitamini

136 3201 333 3294 parabolam,
356 3224 397 3268 eu
420 3202 508 3290 quod
530 3213 615 3268 earet
636 3204 1019 3292 propeilieroaoiymam
1041 3197 1228 3293 qnodqueui·

138 3309 301 3372 elimarent
339 3306 427 3386 iore,
470 3315 506 3371 ut
543 3305 710 3372 confestim
747 3331 879 3396 regnum
910 3311 976 3374 Dei
1012 3307 1239 3374 manifestaretur,

139 3409 190 3474 12.
234 3408 325 3475 Dixit
350 3430 442 3494 ergo,
474 3409 581 3474 Homo
609 3407 739 3496 quidam
766 3433 883 3496 genere
909 3409 1020 3478 clarus
1040 3410 1183 3500 proiectas
1198 3405 1239 3500 uti

137 3513 172 3576 iu
198 3511 360 3597 regionem
385 3509 607 3598 longinquam,
642 3521 678 3578 ut
708 3515 868 3604 acciperet
896 3511 960 3580 cibi
988 3533 1121 3601 reguum
1149 3529 1179 3574 aa
1197 3525 1229 3568 re·

138 3621 328 3678 verteretur.
394 3613 446 3682 13.
489 3613 625 3681 Vocatia
661 3621 766 3680 autem
801 3615 911 3683 decena
946 3619 1049 3682 nervia
1082 3616 1159 3687 cuia,
1190 3605 1239 3678 tit-2

139 3713 188 3780 dit
219 3716 266 3780 aia
301 3713 412 3782 decem
447 3717 565 3794 minae,
608 3725 640 3784 et
673 3717 717 3782 ait
748 3717 791 3786 ad
821 3717 912 3799 iiior,
950 3717 1169 3803 Negotiemiui,
1191 3707 1239 3773 dei

138 3835 200 3884 nec
230 3819 364 3884 veniam.
430 3820 482 3885 lt.
525 3817 624 3886 Circa
660 3829 765 3886 antem
798 3822 867 3887 eiua
894 3819 1138 3895 oderauteum,
1166 3816 1239 3904 uisa,

138 3929 278 4008 ruantque
304 3919 494 4007 legationem
521 3932 595 4007 poet
621 3920 725 4002 iliam,
753 3921 906 4002 dicenter,
932 3923 1091 3990 Noiuauua
1109 3922 1183 3988 bunc
1198 3937 1239 3996 re¹

138 4045 236 4111 guare
257 4045 354 4110 anper
374 4044 445 4089 noa.
499 4023 550 4089 15.
583 4024 626 4092 Et
651 4025 768 4091 iactam
790 4037 852 4106 eat,
872 4037 909 4092 ut
927 4025 1046 4092 rediret
1066 4031 1181 4108 accepto
1198 4033 1227 4078 m

138 4144 217 4212 gno,
247 4127 402 4212 iuaaitqua
422 4129 533 4192 vocari
553 4124 626 4192 iiior
649 4147 762 4194 servos
784 4128 827 4195 ad
849 4147 897 4209 ae,
923 4128 1040 4218 quibua
1060 4125 1178 4192 dederat
1192 4117 1239 4204 1¹⁰³

140 4229 282 4303 cuniam,
314 4229 486 4308 muniret,
519 4239 673 4316 quantum
700 4231 838 4320 quisque
869 4233 1048 4319 negotiatus
1079 4235 1160 4296 caret
1194 4217 1229 4282 1⁶·

140 4327 239 4394 Venit
258 4339 363 4396 autem
383 4331 515 4417 primur,
536 4330 657 4413 diccua,
674 4331 831 4419 Domina,
855 4333 942 4402 mina
962 4344 1015 4404 tua
1035 4331 1136 4402 denen
1152 4323 1228 4391 111111
