2504 4852
244 241 248 250 ’
323 216 404 296 (ttl.
441 216 490 282 De
512 215 648 284 convivio
665 217 774 306 regio.)
1075 225 1117 292 29

21 373 176 448 ''lm-
211 364 289 444 Qn'ffl
302 366 408 452 igitur?
425 387 531 453 nempe
547 369 588 432 its
606 391 733 434 mmmm
749 369 883 436 divitibus
900 369 1042 436 instruere
1057 393 1113 456 po.

21 443 78 516 teris,
97 453 124 502 ut
139 441 240 506 intem
257 465 313 526 pau
334 452 395 508 eres
415 467 477 508 non
495 447 636 539 negligas:
661 448 702 510 ita
720 447 817 514 licebit
835 447 941 530 epulari
960 471 1026 510 eum
1043 451 1114 524 amb
1243 509 1244 512 ,

20 519 47 578 r's
62 529 86 578 rt
102 519 231 600 cognatis,
254 531 287 582 ut
309 520 416 583 e'euos
441 543 503 582 non
522 545 646 600 reicias,
670 523 695 584 si
716 533 747 586 et
768 524 809 588 illi
833 522 934 606 inopes
959 535 1059 601 erunt,
1083 538 1114 590 et

20 592 252 685 tibiadlevpndam
277 617 378 689 eorum
397 597 582 692 indigentiam
602 598 718 662 facultas
741 611 882 688 suppetet.
921 601 1036 692 Summa
1061 613 1113 679 est,

18 673 625 814 b‘iffiiffld‘l‘iffidid
637 687 1113 820 titittttmtttttttt

18 833 97 882 uotum
114 821 154 882 vel
173 770 322 886 ambiuiiii
341 772 501 887 cirninum
541 826 717 888 Nominatim
735 849 805 890 vero
823 795 952 918 §hiistus
971 827 1112 909 hospitem

18 919 74 958 uun
94 899 251 979 compellat,
276 922 362 980 quern
384 901 500 962 videbat
520 902 666 983 splendori
689 913 720 965 et
742 903 857 966 leutittrs
881 904 964 966 nimie
988 905 1111 982 secedere,

19 975 77 1034 etita
92 986 194 1054 captare
211 997 228 1038 a
246 975 382 1038 divitibus
403 977 513 1038 tudun
533 991 562 1040 et
580 979 708 1062 gratiam,
727 990 760 1042 nt
777 1000 915 1062 pauperes
933 1000 994 1048 non
1012 981 1112 1042 admo-

17 1051 61 1110 lun
75 1063 182 1112 cumret.
221 1051 323 1128 Quare
345 1051 400 1116 sub
422 1055 505 1116 unius
529 1053 652 1116 hominis
671 1061 793 1140 persona
810 1056 880 1120 haec
900 1056 1061 1146 obiurgatio
1080 1057 1111 1118 in

19 1147 49 1187 eu
62 1147 145 1188 onnes
161 1128 326 1211 stringitur,
351 1128 400 1210 qui
418 1126 567 1192 ambitiose
589 1153 638 1192 sus
657 1131 850 1212 profundunt,
876 1143 908 1192 ut
931 1153 994 1193 sese
1013 1143 1113 1194 osten-'

18 1213 63 1272 tut,
81 1201 119 1264 vel
135 1215 259 1265 mutuam
274 1205 533 1296 compensationem
550 1219 706 1268 venantum
726 1208 834 1268 interea
854 1208 1023 1289 pauperibus
1041 1207 1113 1268 nttit

18 1279 120 1338 mduen
132 1278 248 1356 iaciunt,
266 1301 325 1344 acsi
364 1282 612 1348 erderetimerent
630 1283 867 1366 quiequidgrstis
882 1295 1011 1366 erogent
1039 1285 1112 1346 Ideo
1243 1325 1244 1328 =

19 1353 109 1416 lisbius
124 1353 222 1422 beatos
241 1378 341 1420 esser
372 1369 459 1438 emet,
482 1358 530 1440 qui
554 1357 631 1432 nulle
655 1381 710 1450 spe
728 1371 861 1434 terrenae
882 1360 1020 1422 mercedis
1042 1371 1110 1420 sunt

18 1424 119 1491 beriles:
146 1451 194 1494 eos
224 1433 304 1495 enim
329 1445 443 1495 constat
464 1431 496 1494 ln
519 1433 613 1496 Deum
635 1453 787 1516 respicere.
830 1433 942 1508 Quibus
965 1434 1110 1497 verubus
1243 1471 1244 1476 κ

22 1503 86 1565 tius
102 1518 164 1568 ente
181 1507 283 1570 oeulos
301 1521 444 1586 mutar,
469 1507 516 1572 vel
539 1531 612 1590 quor
636 1529 704 1576 ture
727 1507 870 1596 popularis
893 1509 1026 1596 impetit,
1049 1529 1112 1574 non

24 1583 607 1670 nqwdnereedemslieoexepeetcut
654 1613 657 1621 .
716 1599 736 1658 f
865 1607 900 1626 ·*
966 1627 969 1634 .
1109 1642 1114 1655 .

54 1761 134 1842 ott)
152 1759 435 1840 uttinxxu.
462 1765 492 1840 1.
510 1763 553 1834 Et
564 1761 769 1862 respondeus
780 1757 882 1848 lesus.
902 1768 1017 1842 iterum
1032 1763 1110 1834 dixit

18 1881 53 1948 pe
66 1861 232 1950 parabolas,
251 1876 287 1935 et
306 1869 359 1948 eit,
393 1867 425 1934 2.
446 1868 559 1936 Simile
580 1869 697 1938 tactum
719 1880 769 1938 est
789 1892 922 1957 regnum
943 1867 1112 1946 coelorum

19 1959 102 2032 bnini
119 1971 198 2056 regi,
217 1972 275 2058 qui
298 1969 373 2036 lecit
393 1973 522 2058 nuptias
542 1971 614 2039 tilio
636 1994 707 2040 suo.
750 1973 781 2040 3.
806 1973 851 2040 Et
872 1975 974 2040 emisit
995 1993 1110 2040 servos

19 2087 79 2148 nos,
97 2073 129 2138 ut
150 2083 307 2146 vocarent
332 2073 484 2141 invitatos
505 2073 548 2140 nd
569 2077 714 2162 nuptias,
741 2084 773 2142 et
793 2073 969 2152 noluerunt
989 2078 1112 2143 venire.

19 2167 38 2232 l.
51 2173 166 2240 Rursum
185 2177 294 2244 emisit
313 2174 396 2242 elios
417 2196 544 2256 servos,
564 2175 692 2258 diceus,
712 2175 823 2244 Dicite
843 2177 1000 2258 invitetis,
1020 2177 1111 2242 Ecce

19 2273 143 2358 surdum
161 2299 269 2344 mcum
291 2279 417 2368 persei,
443 2279 529 2344 tauri
547 2281 612 2345 mci
633 2289 666 2345 et
686 2277 784 2345 altilia
805 2289 938 2345 meelate
960 2287 1050 2358 sunt,
1077 2284 1111 2344 et

20 2379 92 2444 onnia
108 2385 227 2466 perate',
252 2383 363 2448 venite
390 2379 431 2448 ed
453 2368 591 2470 nuptiale.
633 2381 665 2446 li.
692 2380 745 2460 llli
766 2391 872 2459 autem
893 2378 1111 2470 neglexerunt,

21 2477 189 2564 ctebierunt,
213 2481 299 2550 elius
324 2486 359 2550 in
379 2483 490 2551 sillem
515 2506 620 2564 suam,
648 2483 732 2552 elius
753 2505 833 2550 vero
855 2483 896 2550 ed
918 2481 1112 2569 negotiatio·-

21 2595 66 2643 tm
82 2605 173 2651 soom:
213 2587 247 2654 6.
275 2585 407 2673 Reliqui
428 2607 507 2652 vero
535 2595 707 2660 tonuerunt
727 2608 840 2654 servos
862 2587 947 2668 cius,
972 2593 1005 2650 et
1030 2603 1111 2652 cott-

21 2681 118 2752 tuueliis
141 2689 331 2770 elicuerunt,
358 2698 390 2757 ct
416 2687 615 2758 occiderunt.
658 2689 687 2755 7.
713 2691 784 2758 Rex
805 2699 910 2756 nutem
932 2706 1031 2784 quum
1052 2705 1115 2790 sin-¹

22 2777 98 2866 linet,
119 2791 213 2860 iratus
236 2801 298 2858 esti
325 2799 357 2858 et
377 2792 484 2860 missis
506 2789 696 2860 exercitibus
717 2795 798 2874 suis,
817 2789 958 2882 perdidit
978 2788 1114 2856 homici-

23 2877 60 2948 ltt
74 2887 148 2971 illos,
168 2904 200 2960 et
219 2895 384 2959 civitutem
401 2893 531 2962 illorum
553 2892 727 2962 succendit
769 2894 800 2960 8.
826 2897 921 2961 'tnnc
941 2893 986 2958 ait
1005 2891 1110 2958 servis

23 2989 75 3066 nis,
97 2991 229 3084 Nuptiae
257 2993 386 3084 quidem
413 3005 543 3084 paratae
569 3007 657 3077 sunt,
691 2995 749 3064 sed
776 2997 833 3086 qul
859 2995 983 3072 invitati
1011 3000 1111 3074 erant,
1169 3005 1172 3013 ·

24 3105 66 3154 uun
81 3091 193 3166 luerunt
213 3099 313 3185 «igni.
354 3101 387 3176 9.,
412 3101 460 3170 lte
487 3120 566 3184 ergo
591 3097 634 3166 ed
660 3101 763 3172 exitus
788 3100 929 3176 siarum,
956 3103 988 3160 et
1013 3115 1112 3180 quos-

24 3207 112 3286 cunque
134 3201 329 3281 inveneritis,
355 3211 470 3268 vocate
492 3199 534 3268 ed
556 3203 691 3289 nuptias.
736 3187 788 3265 lb.
814 3199 857 3264 Et
882 3197 1004 3285 egressi
1024 3195 1112 3261 servi
1243 3199 1244 3212 ¹

26 3293 69 3360 rius
84 3301 112 3366 iu
130 3305 193 3371 viss
215 3314 490 3391 congregaverunt
510 3325 632 3384 ornnes,
655 3311 815 3392 quotquot
828 3303 1027 3377 invenerunt,
1046 3317 1112 3362 ma-

26 3391 235 3486 lttpttitervnc
260 3405 383 3486 bonos,
407 3417 438 3474 et
466 3407 614 3494 impletae
639 3415 715 3476 sunt
734 3406 864 3493 nuptiae
886 3399 1115 3470 discumbenti·
1243 3409 1244 3428 t

27 3489 72 3564 lte
105 3507 149 3574 lt.
173 3510 339 3598 ingressus
362 3520 466 3576 autern
488 3531 556 3589 rex,
576 3519 612 3574 ut
632 3507 756 3576 videret
778 3503 1030 3583 discumbentes,
1055 3499 1114 3568 ubi

27 3599 78 3670 sidit
94 3607 152 3676 illic
168 3611 327 3683 hominem
349 3635 417 3688 nun
438 3617 588 3684 vestitum
608 3622 697 3682 veste
719 3610 864 3700 nuptiali,
908 3607 958 3676 12.
981 3609 1036 3674 Ait
1056 3603 1113 3684 itti,
1243 3635 1244 3662 i

30 3701 116 3788 inice,
135 3715 296 3802 quomodo
319 3717 383 3782 huo
403 3718 528 3782 intrasti
548 3737 616 3782 non
638 3713 759 3782 liabens
781 3722 900 3779 vestem
923 3707 1115 3798 nuptialem?

29 3801 54 3866 lt
68 3807 110 3875 illc
128 3813 291 3886 obmutuit.
336 3819 387 3886 13.
410 3821 505 3884 Tunc
526 3817 606 3884 dixit
627 3837 683 3884 rex
703 3817 865 3895 ministris,
886 3815 1006 3902 Ligetis
1023 3807 1115 3898 pedi·

30 3897 69 3970 bu
86 3923 110 3978 tl
126 3921 266 3990 nauibus
289 3922 377 4002 eius,
403 3921 508 3988 tollite
530 3943 602 3988 eum
628 3921 662 3990 in
683 3917 832 3986 tenebras
853 3919 1042 3984 exteriores:
1068 3909 1117 3977 ibi
1243 3969 1244 3988 ,

30 4009 68 4072 erit
83 4013 162 4087 tletus
187 4035 218 4088 et
243 4023 364 4094 stridor
386 4023 537 4092 dentium.
583 4023 635 4105 lt,
661 4023 761 4090 Multi
788 4023 871 4090 enim
898 4029 974 4088 suut
1001 4015 1116 4093 vocati.

33 4117 95 4190 paud
112 4143 180 4188 vero
202 4126 304 4194 electi.

90 4219 172 4308 tito
193 4231 278 4296 xtv.
327 4229 378 4296 15.
406 4231 495 4296 Huco
522 4251 620 4317 quum
647 4217 788 4300 audisset
810 4223 937 4312 quidam
960 4217 1001 4286 dc
1024 4215 1118 4283 simul

36 4309 279 4414 ἀίὓθῑῑῑῑκιιῑίὴιιε,
305 4331 384 4402 dixit
410 4333 472 4417 illi,
492 4335 613 4402 Beatus
633 4333 691 4421 qui
710 4327 850 4400 comedit
869 4345 983 4416 punctu
1008 4323 1043 4388 in
1068 4341 1119 4386 re·
