2596 4840
175 258 215 326 ὃ
618 258 674 320 10.
695 255 866 322 cetvtnl

179 413 332 478 venturos,
344 413 556 484 rogarentque,
566 413 599 463 ot
609 423 678 463 suae
688 403 862 464 valetudinis
871 401 1021 463 rationem
1032 401 1167 464 lsslseret
1205 403 1285 464 Poste

58 529 63 538 .
181 477 231 540 die
250 481 355 561 igitur,
383 500 470 559 quum
502 478 538 538 ad
564 498 630 538 eum
657 499 760 542 ornnes
786 499 803 541 e
827 479 907 540 curia
930 479 1101 552 venissent,
1132 492 1234 540 mutuo
1253 483 1283 540 ds

180 569 360 638 acceptaque
375 556 478 630 salute,
497 567 652 692 postquam
664 557 778 616 veniam
790 556 939 638 petivisset
958 555 1042 638 quod
1055 557 1093 616 ad
1114 555 1209 637 ipsum
1228 579 1285 636 usqu

182 633 340 705 venissent,
361 653 450 712 quum
470 633 494 692 si
518 633 526 692 i
546 633 644 712 potius
664 633 699 692 od
721 653 771 693 eos
791 631 989 693 secedendum
1012 646 1103 706 esset,
1125 647 1156 694 et
1176 634 1285 713 praelati

182 727 247 770 sesc
266 709 436 789 iampridem
458 708 600 770 boccum
621 710 689 790 ipsis
712 708 892 802 colloquium
910 707 1102 788 expetivisse,
1123 710 1203 790 quud
1223 722 1285 770 tans

183 801 315 866 eousque
335 783 508 859 distulisset,
533 785 601 844 dum
628 787 716 865 paulo
743 798 850 846 ceruus
874 785 982 845 exitum
1009 807 1097 846 snum
1118 789 1285 866 praesentire

183 861 275 944 „Ego
294 881 383 934 vero,
413 861 555 942 inquit,
586 860 752 922 honorandi
774 862 911 934 Domini,
940 863 1082 942 ingentes
1107 863 1192 924 volsis
1238 865 1283 922 rati

183 959 282 1019 „sgo,
329 937 386 997 uod
407 957 454 997 me
475 937 561 1020 plane
588 937 659 999 nihil
679 939 822 999 eiusmodi
846 941 1044 1030 promeritum
1070 939 1160 1000 tantis
1186 961 1201 1000 o
1229 941 1285 998 erist

184 957 387 1105 „honorilun
415 1035 555 1096 meosque
586 1014 724 1094 plurimas
753 1015 938 1074 infirmrtates
968 1025 1030 1074 tom
1065 1015 1214 1095 patienter
1235 1035 1285 1095 sseq

184 1090 374 1167 „tolerast1s‚
406 1092 486 1171 quod
511 1092 665 1152 maximum
685 1110 802 1171 semper
825 1091 901 1173 apud
926 1111 975 1150 me
1001 1091 1061 1151 fuit
1081 1103 1197 1152 vestrae
1220 1097 1247 1153 io
1270 1113 1285 1150 ιι

184 1166 364 1248 „singularis
384 1164 610 1228 benevolentiae
632 1179 847 1250 argumentum.
890 1167 930 1228 Et
950 1169 1084 1246 quamvis
1109 1168 1182 1228 milti
1202 1189 1285 1229 rnnnel

185 1263 281 1321 „meo
308 1243 482 1325 defungenti
507 1246 586 1306 varia
609 1243 761 1304 subeunde
787 1245 963 1321 certamina,
995 1245 1133 1325 variique
1161 1244 1285 1306 sustineo·

186 1319 327 1396 „luerint
347 1320 481 1397 insultus,
500 1321 581 1402 quod
599 1321 642 1382 sic
655 1331 794 1401 oporteat
812 1321 955 1401 optimum
968 1321 1060 1380 etiarn
1075 1339 1224 1402 quemque
1242 1341 1285 1380 exe

186 1397 283 1473 ,·,ceri‚
302 1397 365 1456 scio
385 1409 484 1457 umen
506 1411 570 1458 eta
594 1417 695 1470 nosco,
716 1396 788 1458 nihil
810 1397 935 1457 istorum
952 1409 1050 1457 vestra
1072 1396 1159 1479 culpa
1179 1399 1285 1458 sccisliss

99 1543 106 1552 .
185 1473 325 1552 „Precor
343 1485 440 1534 autem
459 1495 511 1536 vos
530 1415 737 1548 veiementer,
766 1485 815 1548 nt,
846 1474 871 1534 si
891 1493 1089 1566 quaecunque
1110 1477 1241 1554 oportuit
1258 1493 1285 1532 ιιι

182 1550 363 1630 ·„praestiti,
389 1551 548 1612 voluntatis
573 1569 656 1610 vnete
680 1551 780 1630 potius
806 1569 892 1630 quarn
913 1549 1061 1611 facultatis
1083 1549 1212 1611 habentis
1232 1551 1285 1609 ratis

186 1644 292 1704 „nem
343 1625 420 1687 illud
450 1627 528 1688 enirn
557 1647 627 1689 vere
648 1647 765 1706 possum
797 1627 914 1700 testari,
944 1625 1034 1687 inisse
1067 1644 1117 1687 me
1147 1625 1285 1707 reipublic:

187 1714 327 1781 „vestras
348 1723 382 1764 ex
402 1705 500 1763 animo
520 1704 699 1778 studiosum,
725 1713 772 1776 et,
796 1714 830 1762 nt
848 1701 949 1762 officio
975 1721 1045 1763 meo
1073 1702 1165 1783 plene
1188 1723 1246 1763 noo
1265 1703 1285 1761 si:

188 1779 387 1856 „defunctus,
413 1779 539 1861 puhlicis
567 1779 685 1860 quidem
705 1791 788 1840 certe
806 1779 971 1839 commodis
997 1799 1055 1859 pro
1077 1781 1154 1839 virili
1174 1779 1285 1840 studuiss

186 1855 308 1936 „Quod
334 1856 388 1920 nisi
413 1876 623 1936 agnoscerem,
654 1856 816 1917 Dominum
835 1855 961 1916 vicissim
992 1875 1086 1946 opera
1110 1856 1252 1916 interdum
1273 1875 1285 1912 ι

189 1953 281 2009 „mea
306 1955 367 1993 non
394 1933 537 1993 inutiliter
556 1932 697 2008 voluisse,
723 1930 959 1992 dissimulationis
980 1951 1096 1992 crimen
1124 1953 1184 1992 non
1209 1931 1285 2010 ell‘ugl

189 2027 287 2084 „rem
326 2009 386 2070 Sed
408 2009 464 2070 hoc
485 2029 501 2069 a
519 2009 603 2070 vobis
624 2009 711 2068 etism
730 2020 819 2100 atque
840 2009 925 2069 etiam
946 2019 1031 2088 peto,
1052 2020 1088 2070 ut
1107 2009 1285 2070 excusetioou

189 2085 355 2166 „spudvos
376 2087 531 2161 inveniam,
552 2085 630 2167 quod
651 2097 710 2144 tam
733 2100 834 2168 exrgua
854 2085 1122 2164 sintquaecunque
1164 2084 1285 2144 ulsliceu

188 2161 352 2242 „privatim
373 2161 514 2244 praestiti,
535 2181 603 2242 prae
623 2161 744 2242 iisquae
763 2183 778 2222 s
798 2181 845 2220 rne
865 2161 928 2220 fieri
948 2163 1095 2240 oportuit
1138 2107 1222 2220 ltus
1241 2167 1285 2218 cen

187 2257 429 2376 ”lectitati
447 2238 532 2374 ill:
553 2237 1285 2376 lsttlttlltllllffitdelatuit:

188 2357 340 2474 :ttulistisc
383 2411 436 2452 uae
456 2404 576 2473 peccata
596 2412 658 2452 mes
677 2391 798 2452 confido
819 2391 889 2451 milvi
910 2391 1003 2452 aDeo
1024 2335 1158 2472 quoqueq
1168 2391 1227 2470 ipso
1245 2405 1284 2447 cot

189 2469 329 2548 „donato
361 2413 528 2530 iiseterum
547 2468 628 2548 quod
652 2468 688 2529 ad
709 2468 871 2529 doctrinam
896 2467 1017 2545 attinet,
1043 2489 1131 2549 quam
1150 2485 1185 2527 ex
1204 2483 1246 2525 ms
1263 2483 1284 2522 ιι

189 2545 308 2624 „distis,
329 2557 421 2604 testor
441 2563 488 2604 me
508 2565 569 2604 non
589 2555 702 2604 temere
722 2563 819 2623 neque
839 2543 970 2616 incerto,
990 2545 1042 2605 sed
1065 2565 1140 2625 pure
1158 2565 1191 2604 sc
1208 2543 1284 2602 sincu

189 2621 332 2698 „verbum
353 2621 411 2680 Dei
436 2619 506 2678 mitt
533 2623 734 2680 concreditum
756 2619 907 2694 docuisse,
937 2621 1020 2681 cuius
1040 2622 1115 2682 iram
1135 2619 1239 2698 alioqui
1256 2627 1284 2673 tu

188 2697 313 2776 „scirem
334 2697 402 2756 huic
421 2696 510 2776 capiti
532 2715 597 2756 meo
618 2697 730 2756 iamiam
751 2697 918 2768 imminere,
937 2717 1024 2776 quern
1036 2710 1135 2759 certas
1149 2717 1219 2768 sum,
1238 2707 1284 2750 met

187 2774 240 2854 „in
263 2773 398 2833 docendo
418 2771 535 2832 labores
556 2772 582 2830 ei
604 2791 663 2833 non
677 2772 863 2853 displicuisse.
901 2772 997 2909 quue
1017 2795 1118 2836 coram
1132 2774 1198 2832 Deo
1218 2781 1245 2828 et
1260 2783 1284 2824 vt

188 2851 257 2930 „bis
278 2869 314 2910 eo
334 2847 473 2910 libentius
493 2847 645 2922 testificor,
667 2851 745 2930 quod
766 2851 886 2908 minime
906 2848 943 2909 du
968 2851 1056 2922 item,
1077 2851 1212 2910 Satanan
1231 2863 1283 2926 prot

187 2928 365 3008 „consuevit
382 2923 545 3005 improbos,
565 2925 652 3000 leves,
672 2928 868 3010 vertiginosos
887 2926 1018 3006 denique
1040 2929 1173 2988 homines
1187 2937 1283 2984 corrru

200 3003 1283 3160 ’tttdtlsptlttstlt„,3”ll:‘³ttllltl²⁰,lllit²titillll

869 3123 879 3154 9

189 3156 319 3232 luerent,
339 3155 438 3238 „Ego,
458 3174 532 3294 eqo,
553 3154 562 3214 i
569 3155 690 3234 nquit,
710 3161 837 3236 optimus
856 3177 919 3216 sum
940 3159 1032 3230 testis,
1053 3167 1129 3238 quot
1147 3150 1283 3234 quantisqu

188 3232 346 3314 „periculis
360 3231 473 3314 Optimi
502 3231 600 3292 leximi
620 3233 678 3292 Dei
698 3253 801 3293 manus
820 3251 876 3292 vos
897 3235 1046 3294 exemerit
1086 3231 1198 3292 Videtis
1216 3235 1283 3306 porti

188 3329 273 3388 „quo
294 3308 363 3369 loco
383 3309 453 3370 sitis.
492 3310 562 3370 Sive
586 3309 676 3392 igitur
694 3308 841 3370 secundae
860 3327 906 3370 res
924 3309 1172 3372 vestraelnerint
1189 3305 1243 3365 eive
1259 3309 1282 3354 sl

188 3405 330 3466 „versae,
350 3385 436 3460 illud,
457 3406 584 3480 quaeso,
603 3384 687 3446 vobis
708 3383 748 3447 ob
770 3384 873 3446 oculos
892 3405 1009 3469 semper
1028 3385 1216 3454 obversetur,
1233 3374 1282 3462 tiltfl

188 3481 301 3540 „nuum
321 3481 398 3536 esse,
419 3483 468 3540 qur
488 3483 521 3522 re
543 3483 580 3522 na
599 3473 630 3522 et
649 3461 779 3524 civitates
797 3463 941 3537 stabiliat,
965 3478 1063 3543 eoque
1084 3459 1203 3522 nemine
1221 3449 1271 3542 coit

187 3536 382 3618 „mortalibus
402 3539 481 3600 velit
519 3482 714 3600 itemlnerisis
732 3559 871 3622 magnum
890 3539 972 3600 illum
991 3540 1136 3600 Davidem
1155 3543 1282 3600 tensus*

188 3626 272 3694 „tum
298 3615 464 3696 prolapsum
491 3631 574 3692 esse,
603 3635 695 3694 quum
721 3615 778 3677 alta
802 3616 859 3677 ism
874 3637 952 3712 poce
977 3618 1142 3688 frueretur,
1167 3611 1282 3691 nunqual

187 3702 291 3769 „certe
310 3703 524 3767 surrecturum,
556 3692 611 3753 nisi
631 3692 779 3753 Dominus
810 3692 943 3754 bonitate
966 3695 1010 3755 sin
1033 3691 1107 3754 uldri
1132 3709 1180 3750 suo
1199 3695 1281 3766 many*

187 3767 237 3844 „ei
255 3768 440 3847 porrexisset
487 3769 568 3845 Quid
592 3769 684 3851 igitur
706 3767 826 3830 tantillis
852 3770 1036 3832 ltotnuncults
1062 3770 1128 3842 fiet,
1153 3779 1239 3854 quotu
1259 3749 1281 3810 tii

186 3855 269 3920 „torn
295 3857 402 3923 potens
422 3857 452 3906 st
476 3845 560 3907 fortis
586 3845 745 3908 ceciderit?
781 3847 897 3927 Nempe
922 3867 1027 3931 mogus
1047 3844 1131 3906 volsis
1155 3857 1239 3928 anum
1256 3827 1281 3885 ll

186 3921 346 3997 ,‚rnissione
367 3943 441 4003 opus
462 3933 515 3996 est,
536 3934 569 3983 ut
588 3945 633 3984 ms
657 3945 692 3983 na
712 3945 778 3984 cum
790 3923 850 3983 Dei
869 3927 1032 3986 reverentia
1052 3919 1177 3984 sollicite
1195 3903 1281 3972 cncede

185 3998 255 4074 „tis,
275 3995 410 4077 illiusque
431 4000 514 4060 unius
534 3941 679 4079 pracsisiio
699 4000 846 4075 nitamini,
866 4001 940 4061 certi
960 3998 1096 4061 nimirum
1116 3996 1155 4056 ita
1173 3991 1281 4066 luturuql

186 4085 255 4151 „ut,
279 4074 360 4154 quod
385 4086 443 4136 tam
462 4095 550 4156 saepe
570 4096 603 4137 re
626 4078 636 4139 i
658 4097 688 4137 sa
708 4076 851 4150 sensistis,
882 4076 958 4136 finni
982 4077 1060 4138 illius
1086 4091 1144 4152 ope
1167 4067 1281 4148 persto-ul

184 4149 318 4228 „etiamsi
338 4149 419 4211 velut
443 4173 476 4211 ex
508 4152 591 4212 tenui
619 4099 669 4212 filo
694 4175 741 4214 sus
764 4173 832 4212 cosa
856 4162 952 4214 restra
976 4153 1052 4216 selus
1077 4157 1108 4208 et
1130 4139 1280 4206 neolone

185 4226 306 4304 „luerit
353 4226 458 4309 Itaque
484 4229 508 4289 si
532 4249 674 4310 prospers
697 4175 782 4290 soliis
802 4231 971 4306 evenerint,
1001 4237 1100 4291 cavete
1121 4223 1280 4310 quafsssr!

185 4303 398 4384 „profanorum
419 4306 510 4368 instar
530 4305 711 4380 ell'eramini,
735 4305 785 4365 sed
806 4305 874 4366 Deo
894 4307 993 4387 potius
1013 4323 1081 4365 cum
1099 4299 1187 4361 anime
1205 4290 1280 4350 deuttl

186 4383 292 4458 „sione
311 4381 418 4466 gratiss
443 4382 530 4465 agite.
575 4383 628 4442 Sin
653 4381 773 4444 adversa
796 4382 882 4446 volvis
907 4375 1085 4456 acciderint,
1110 4374 1237 4450 adeoque
1252 4373 1280 4418 tt
