2574 4850
318 231 491 311 (tto-stt
529 229 645 298 loannis
663 231 803 317 Rapt'otae
822 234 902 312 nex.)
1130 244 1179 302 uu

31 371 181 468 oll'epsain
196 380 309 462 tyranni
329 383 475 446 inerurere
494 405 554 446 non
574 384 691 458 dubitat,
710 383 876 467 praesertim
895 405 982 466 quum
1000 381 1095 462 sciret,
1117 409 1175 450 nro-

31 457 150 518 retrrcis
168 455 306 518 illecebris
324 471 437 538 captum
457 460 501 520 vis
521 483 604 542 posse
623 483 638 522 a
658 461 806 544 proposito
828 461 948 521 moueri.

115 533 217 593 statu.
227 537 254 595 5.
279 535 378 613 Orsum
390 539 476 597 selles
488 557 555 598 cum
566 541 705 598 occidere.
736 538 856 598 Videtur
865 536 895 596 in
904 535 1078 598 Matthaei-et
1088 539 1176 602 lllarci

29 606 131 669 verbis
164 609 299 671 nonnulla
329 633 391 674 esse
417 614 617 695 discrepantia,
648 615 724 695 quod
751 613 832 696 prior
859 613 1007 674 Herodem
1038 613 1175 676 uesarrdae

30 685 128 745 caedis
153 684 285 765 cupidum
310 687 395 750 luisse
418 688 498 765 dicit,
522 691 571 750 sed
594 703 673 750 metu
697 687 794 770 populi
818 687 903 764 luisse
923 700 1078 750 retentum:
1102 690 1174 752 alter

29 781 105 820 vero
125 771 239 822 tanturn
255 764 444 826 Herodiadem
465 765 546 828 leuues
565 766 735 827 crudelitatis
753 764 904 825 insimulat.
943 765 1000 826 Sed
1020 765 1107 826 facilis
1125 787 1173 828 so-

28 837 104 898 lutio
125 850 184 912 est,
207 838 289 899 initio
309 841 384 919 quod
405 841 550 916 Herodes,
570 841 623 902 nisi
642 863 695 922 qua
717 840 808 902 mator
826 839 976 902 necessitas
995 841 1116 902 invitum
1134 843 1173 902 ita

28 913 130 974 lacere
151 925 283 996 cogeret,
308 928 435 976 “neuim
454 915 547 978 virum
567 917 699 980 occidere
717 915 855 992 noluerit,
879 915 942 998 quia
961 916 1038 976 illum
1056 939 1171 981 revere·

27 991 132 1064 bauer,
157 991 320 1072 etquidem
339 992 469 1054 obstabat
487 993 602 1086 religi03
629 1015 667 1054 ue
685 1005 742 1054 tam
763 993 898 1054 atrociter
916 993 946 1052 in
967 993 1023 1052 llei
1042 993 1171 1073 Propbe-

26 1078 87 1124 tarn
109 1066 245 1126 saeviret:
269 1068 408 1130 llerodias
431 1079 526 1130 autem
550 1071 658 1131 assedus
682 1091 746 1130 eum
768 1067 936 1129 stimulando
956 1069 1012 1130 Dei
1037 1069 1169 1132 tiatorem

26 1143 53 1202 ci
74 1143 244 1205 excusserit.
267 1145 422 1224 Sedunum
436 1145 616 1206 ellcmtosab
636 1145 769 1206 illusoria
788 1143 955 1208 exstinctum
975 1167 1009 1206 eu
1031 1156 1094 1206 eret
1104 1167 1169 1210 satt-

25 1229 110 1278 ctum
131 1217 235 1293 vuum,
254 1231 381 1282 retentus
400 1221 491 1282 luerat
510 1243 587 1282 novo
605 1221 764 1292 obstaculo,
785 1223 849 1301 quia
871 1221 924 1280 sibi
945 1220 1012 1286 time
1049 1231 1061 1280 t
1080 1242 1096 1282 a
1116 1241 1169 1302 po-

23 1294 123 1386 pulari
143 1307 234 1354 motu.
274 1297 368 1376 Atque
385 1297 432 1358 bic
451 1299 573 1358 notarada
591 1310 658 1358 sunt
677 1297 766 1358 llarei
785 1295 879 1370 verba,
900 1296 1048 1371 llecotlics,
1067 1296 1168 1378 inquit,

22 1369 217 1431 rruidiabatur
241 1371 291 1430 dli:
316 1393 419 1454 nempe
471 1375 505 1433 ria
528 1383 631 1454 sponte
654 1375 689 1434 ad
711 1373 824 1435 caedem
846 1393 1002 1454 propensus
1045 1393 1084 1434 ou
1108 1384 1169 1437 crat

22 1447 183 1520 Herodes,
199 1445 244 1508 vel
263 1445 383 1528 obliquis
403 1461 455 1508 arti
477 1471 509 1510 us
528 1471 592 1510 eum
612 1449 817 1512 circumvenire
836 1448 970 1522 tentabat,
989 1471 1007 1509 v
1054 1447 1166 1510 clande-

22 1524 137 1584 stinum
157 1535 257 1584 sancto
280 1524 343 1584 viro
368 1525 482 1586 exitium
502 1525 678 1586 moliebatur.
721 1525 792 1586 Mihi
816 1524 896 1606 prior
919 1522 1059 1586 sententia
1076 1525 1167 1606 magis

22 1600 139 1679 placet,
161 1600 239 1676 quod
279 1621 311 1660 cr
326 1599 436 1662 insidias
453 1601 545 1662 mariti
563 1602 686 1664 animum
703 1601 868 1684 captaverit,
885 1599 1064 1673 rediemus,
1083 1621 1165 1680 qcram

21 1677 74 1736 dio
100 1673 214 1736 scilicet
237 1621 347 1736 obstitit
369 1677 540 1740 conscientia
557 1679 679 1752 Herodi,
704 1699 742 1740 ne
760 1687 859 1738 saneto
881 1675 943 1736 viro
964 1674 1089 1736 ultimam
1107 1674 1165 1738 vina

20 1751 159 1812 auertet
203 1751 316 1814 Deinde
338 1754 473 1815 successit
495 1754 563 1821 alius
585 1765 691 1830 metus,
718 1775 756 1816 ne
774 1753 836 1834 quis
859 1752 1018 1821 extortis
1041 1751 1101 1814 eius
1120 1749 1164 1814 in-

20 1827 171 1909 dignitate
190 1827 325 1890 tumultus
344 1841 512 1913 emergeret.
549 1831 607 1892 Sed
626 1833 738 1892 lllarcus
756 1841 865 1891 tanturn
884 1827 1007 1910 attingit,
1024 1825 1091 1910 quid
1102 1827 1164 1888 lle-

20 1907 131 1965 rodem
156 1903 332 1984 impedierit‚
392 1905 513 1966 cominus
533 1906 627 1966 statim
647 1927 756 1967 morem
776 1904 897 1990 gesserit
915 1903 1002 1970 scorti
1045 1903 1164 1968 reeibtu.

22 1985 170 2062 Optasset
189 1979 263 2040 enirn
284 1981 346 2041 ller
384 1981 436 2058 ias,
455 1981 568 2043 simulac
587 1983 617 2042 iu
637 2003 779 2043 carcerem
797 1992 903 2042 tractus
920 1979 1013 2044 suerat
1024 1926 1163 2054 loannes,

19 2061 57 2119 de
82 2077 125 2117 eo
149 2055 223 2116 sunri
246 2056 388 2118 occultum
412 2057 588 2148 supplicium.
631 2059 718 2138 atqui
746 2057 877 2118 llerodes
902 2056 1013 2118 colebat
1035 2067 1163 2124 sanctum

19 2135 136 2206 vinnm,
163 2143 196 2191 ut
215 2133 298 2199 etiarn
318 2134 377 2194 eius
397 2133 519 2194 consiliis
541 2133 664 2196 libenter
686 2144 806 2214 pareret
846 2134 939 2196 Porro
959 2131 1058 2206 timor,
1083 2132 1163 2192 cuius

19 2210 69 2270 bie
91 2209 271 2282 limantio,
290 2231 350 2270 non
370 2221 431 2270 erat
450 2209 572 2270 lonnido
591 2231 627 2270 ex
645 2209 736 2272 aliena
754 2207 890 2290 opinione
909 2217 1061 2287 concepta,
1081 2206 1162 2268 sicuti

21 2283 183 2346 nretuimus
203 2283 302 2365 quibus
320 2297 398 2368 parta
417 2296 460 2347 est
478 2286 567 2367 aliqua
588 2284 751 2356 auctoritas,
774 2282 883 2344 tametsi
901 2281 1012 2346 bonore
1031 2281 1162 2364 indignos

19 2381 196 2422 censemus:
220 2361 269 2422 sed
290 2361 335 2421 laic
354 2362 441 2422 timor
462 2362 620 2422 voluntaria
645 2373 705 2424 erat
723 2359 915 2432 observantia,
938 2357 1003 2438 quia
1021 2357 1161 2431 Herodes,

19 2459 115 2518 quens
140 2448 269 2497 sanctum
290 2437 382 2500 virum
407 2449 436 2496 et
458 2437 568 2498 lulclem
587 2438 644 2498 llei
666 2436 825 2496 ministrum
847 2455 908 2496 esse
927 2445 1073 2522 persensus
1092 2444 1161 2507 erat,

20 2515 77 2574 bac
108 2513 146 2573 de
173 2534 253 2573 cama
276 2535 335 2574 non
358 2512 479 2574 audebat
501 2527 694 2576 contemnere.
733 2513 760 2573 A
792 2533 829 2576 uc
851 2509 907 2571 lroc
928 2519 1027 2575 uotam
1045 2511 1071 2570 dr
1095 2527 1161 2568 sum

19 2603 79 2652 est:
104 2589 233 2668 quamvis
252 2589 327 2650 enim
344 2601 474 2672 expertus
494 2602 566 2653 esset
586 2591 722 2664 loannes,
742 2523 810 2650 ulilc
831 2607 891 2647 esse
909 2584 1003 2650 multis
1021 2605 1049 2646 m
1089 2583 1110 2644 is
1129 2604 1161 2644 se

19 2665 139 2746 pollere
158 2663 248 2744 aliqua
266 2666 354 2748 gratia
373 2666 444 2748 apud
464 2665 661 2740 Tetrarcbam‚
681 2687 741 2726 non
761 2675 855 2724 tarneu
875 2662 934 2728 eius
952 2662 1074 2722 anbuum
1093 2659 1159 2722 alie·

19 2763 97 2802 nare
121 2741 229 2802 veritos
248 2755 304 2816 est,
329 2765 414 2823 quum
434 2741 514 2803 aliter
532 2765 592 2802 nou
612 2753 709 2824 posset
726 2742 852 2802 savorem
869 2738 946 2798 illum
966 2738 1053 2810 tueri,
1077 2757 1159 2817 quam

18 2817 136 2899 perfide
156 2817 190 2877 ad
208 2829 308 2878 notum
328 2830 359 2878 et
376 2817 479 2878 infame
502 2818 591 2880 scelus
612 2817 802 2879 connivendo.
845 2813 957 2878 'l'estari
976 2814 1088 2894 quidem
1106 2835 1160 2895 po-
1209 2868 1214 2876 ,

18 2905 115 2968 terat,
140 2911 174 2954 se
197 2893 312 2974 privatis
335 2894 491 2955 commodis
512 2895 627 2954 minime
644 2892 805 2966 consulere,
830 2913 884 2954 uec
903 2889 986 2950 alium
1005 2911 1159 2978 quam-pu-

16 2972 118 3031 blicae
135 2969 263 3030 utilitatis
286 2970 390 3030 habere
407 2993 452 3030 res
473 2983 575 3031 ectum.
619 2969 739 3030 Certum
759 2969 834 3030 enim
854 2965 991 3040 estnihil
1010 2966 1158 3028 ambitiose

17 3067 156 3130 rogasse,
175 3046 225 3106 sed
243 3047 417 3128 morigerum
435 2992 474 3107 illi
494 3047 578 3108 luisse
597 3047 743 3107 Herodem
762 3045 792 3104 iu
810 3043 913 3108 sanctis
930 3041 1067 3130 consiliis!
1086 3059 1157 3119 quae

18 3126 57 3183 ad
88 3121 246 3204 legitimam
271 3122 355 3204 regni
376 3123 644 3184 administrationem
670 3120 841 3203 spectabant.
886 3120 993 3208 Vetula}
1017 3137 1082 3195 qma
1105 3115 1159 3174 lwc

18 3221 90 3260 corn
115 3197 267 3258 cusationis
287 3219 377 3282 genus
400 3199 452 3258 sibi
476 3199 582 3260 licitum
603 3220 663 3259 essc
682 3219 742 3258 uon
762 3197 850 3270 videt,
874 3205 907 3254 ut
927 3203 1072 3258 veritatem
1091 3209 1160 3270 pro-

17 3277 79 3334 den
103 3296 123 3334 ο
147 3275 279 3352 quaedam
304 3273 397 3334 ollicia
422 3275 525 3350 eliciat,
548 3273 658 3335 hostem
683 3295 717 3332 ex
741 3272 832 3332 amico
856 3269 910 3334 sibi
936 3268 1029 3336 lacere
1046 3264 1161 3338 mavult,

17 3373 111 3410 errans
134 3349 296 3410 aclrrlatioue
318 3350 364 3410 vel
387 3350 499 3412 silentio
523 3349 622 3411 lovere
643 3349 759 3423 malum,
784 3347 860 3429 quod
873 3351 982 3412 'severe
1005 3341 1159 3432 repreben-

16 3375 96 3487 dere
115 3427 240 3508 cogitur.
276 3427 460 3508 l'raescripsit
479 3447 550 3510 ergo
569 3428 689 3487 loannes
707 3445 758 3487 suo
778 3419 906 3503 exemplo
923 3419 977 3500 pils
996 3417 1161 3480 ductoribus

18 3515 135 3563 certam
157 3501 297 3584 repedem,
317 3524 353 3563 ue
373 3503 546 3565 dissimulent
563 3501 722 3584 principum
742 3499 824 3573 vitia,
843 3508 875 3556 ut
896 3495 948 3556 bac
968 3496 1099 3570 mercede
1118 3493 1160 3554 sa-

17 3601 129 3640 vorem
150 3599 249 3639 eomm
270 3581 446 3659 quantumvis
468 3581 668 3640 incommune
688 3574 950 3643 utilem'redimaut,
987 3573 1023 3632 lu
1044 3571 1161 3632 llerode

18 3676 98 3716 vero
119 3655 199 3736 quasi
218 3655 247 3714 iu
266 3652 381 3736 speculo
400 3653 483 3716 nobis
502 3654 627 3715 ostendit
648 3653 768 3734 Spiritus
787 3651 859 3724 liei,
880 3669 962 3729 saepe
981 3647 1161 3730 contingere,

18 3742 72 3802 ut,
99 3732 151 3812 qui
169 3732 263 3792 Deum
282 3732 393 3792 sincere
412 3753 472 3793 non
491 3729 603 3805 colunt,
626 3730 712 3811 parati
733 3729 790 3790 sint
808 3739 902 3792 tamcu
920 3725 1009 3804 aliqua
1029 3745 1062 3786 cs
1079 3733 1161 3858 parte

19 3807 149 3890 ‹alisequi
175 3809 233 3868 eius
257 3808 405 3882 cunctatis,
433 3810 520 3880 modo
551 3807 590 3868 eis
618 3828 670 3887 per
693 3802 894 3887 indulgentium
918 3801 1020 3881 aliquid
1047 3821 1078 3860 re
1088 3809 1160 3858 anet.

19 3885 86 3943 Sed
106 3883 157 3944 ubl
176 3883 293 3976 rigidius
312 3895 462 4018 urpcntur,
490 3903 606 3945 exccrsso
620 3883 694 3972 ‚⁵¹3⁰
714 3902 773 3941 nou
794 3879 885 3970 nioeld
901 3877 930 3937 iu
949 3875 1161 3966 contumaciam,

17 3960 78 4048 sed
97 3961 128 4018 in
144 3961 350 4095 ‘nbrernqprosi
363 3963 432 4020 iuut.
469 3961 537 4022 Non
556 3969 600 4020 est
619 3969 713 4042 agitur,
734 3978 785 4046 eur
803 3955 856 4045 subp
875 3951 1012 4035 placeant,
1027 3973 1075 4031 qur
1088 3945 1161 4039 pstul-

20 4049 64 4094 trs
90 4057 165 4095 sarus
189 4055 268 4096 const
282 4060 313 4095 us
337 4037 551 4118 obtemperant,
575 4036 667 4099 donec
690 4053 721 4094 sc
746 4054 776 4092 cu
801 4031 920 4092 solidum
944 4031 1011 4096 Deo
1033 4027 1162 4088 addicere

19 4123 58 4170 et
75 4111 218 4172 subiicere
237 4112 393 4172 didicerint.

105 4193 136 4250 6.
176 4189 274 4266 Quum
293 4199 394 4248 nutem
414 4191 620 4250 celebraretur.
665 4186 750 4246 Nunc
775 4182 915 4264 incipiunt
937 4195 1050 4242 narrare
1068 4175 1162 4236 Evau-

22 4262 163 4342 grlistae,
192 4285 245 4344 qsra
269 4265 366 4324 lraude
389 4265 528 4326 llerurlias
552 4263 655 4324 lumini
678 4260 807 4333 esitium,
837 4257 913 4338 quod
938 4255 984 4316 diu
1008 4248 1164 4340 machinata

27 4341 135 4418 t‘ucrat,
152 4343 267 4406 undem
286 4339 422 4404 attolens:
442 4342 555 4406 occasio
573 4351 668 4404 autem
686 4337 726 4400 illi
745 4337 808 4400 data
828 4345 870 4397 cst
888 4353 923 4396 cx
937 4327 1058 4394 sollomu
1070 4323 1163 4410 epulo,
