2596 4840
524 205 652 304 ¹uITti.
1089 254 1129 336 rr

73 375 158 456 μισῶ
174 395 205 438 co
220 379 328 459 eiusque
345 381 411 446 fidei
428 386 598 462 committo,
622 399 655 448 ut
675 407 710 450 ca
728 389 789 450 suis
808 388 924 464 liberis,
945 413 1033 471 quum
1055 413 1121 456 mo-

71 453 272 522 ritur,restituat
310 456 356 520 Ab
383 461 486 522 codem
512 463 602 524 iratre
620 475 651 522 ct
676 464 802 526 baerede
821 487 890 528 meo
916 467 985 551 lego
1005 467 1124 534 scholae

69 529 234 606 ,utineam
253 553 350 596 aureos
373 549 515 598 scutatos:
541 540 715 600 tantundem
741 544 918 624 pauperibus
943 547 1122 627 peregrinis:
1222 557 1228 568 “

66 604 186 664 munden
206 610 305 687 pariter
325 611 454 674 Ioannae
479 615 579 676 Caroli
600 616 724 678 Costani
750 630 780 678 ct
805 621 898 680 aiiiuis
929 641 1013 682 meae
1036 621 1122 684 filiae.

65 679 151 740 burcii
163 701 223 742 cero
248 698 277 744 et
291 687 395 748 loanni
420 691 549 752 eiusdem
581 691 676 754 fratris
695 693 753 754 mei
773 695 837 760 liliis
856 697 972 758 restitui
990 697 1060 758 volo
1086 698 1123 760 ab

63 753 146 814 heieu
160 777 228 832 meo,
245 783 328 840 quum
348 766 498 840 morietur,
518 769 722 847 quadragenos
742 786 999 835 nrirensscutatos:
1018 775 1123 836 Annae

61 833 288 898 nroetSnsannae
306 852 335 899 ct
354 842 542 916 Dorotbeae,
569 846 698 906 ciusdem
726 847 836 916 filiabus
863 871 967 912 aurcos
993 862 1123 925 scutatos

61 907 159 968 necros:
178 911 271 974 Davidi
294 914 422 994 ipsorum
448 919 532 980 fratri
557 921 593 981 ad
619 935 718 984 notam
746 923 868 986 levitatis
889 937 920 985 et
942 926 1122 1006 petulantiae

61 981 149 1044 irruilic
178 1001 291 1050 scutatos
323 1015 426 1056 aureos
464 997 533 1075 quin
558 1017 596 1058 ue
628 1011 659 1058 et
682 999 795 1082 viginti.
839 1003 921 1062 Haec
945 1006 1121 1066 summa'est

60 1060 145 1120 tudun
161 1061 329 1144 benitatum,
352 1090 424 1150 quas
450 1073 521 1132 mibi
538 1017 623 1134 licus
643 1077 673 1134 in
694 1076 781 1138 terris
799 1075 921 1158 largitus
942 1091 1002 1154 cst,
1027 1101 1121 1160 quan-

59 1137 193 1224 nuptm
201 1153 343 1206 autumare
355 1167 487 1225 possum,
507 1169 542 1210 cx
561 1150 760 1214 bibliothecae
780 1163 811 1212 et
829 1153 983 1216 mobilium
1004 1155 1121 1216 et-uni-

57 1219 263 1278 nsinumcuti
273 1220 435 1297 domestici,
452 1246 610 1306 rerumque
621 1249 655 1288 ac
668 1227 837 1290 facultatum
848 1249 977 1290 mearum
988 1232 1121 1304 omnium

56 1287 208 1352 munuc
253 1297 367 1370 Quodsi
389 1300 459 1378 quid
479 1301 558 1362 iorte
576 1304 698 1384 amplius
719 1308 898 1384 reperiatur,
924 1305 993 1368 volo
1013 1309 1044 1367 id
1057 1329 1120 1444 pro

58 1363 145 1448 rastis
160 1369 282 1432 omnibus
302 1373 398 1436 fratris
418 1377 475 1436 mei
496 1377 560 1438 filiis
580 1400 614 1440 ae
633 1379 746 1442 filiabus
767 1381 917 1458 distribui,
941 1403 1038 1463 neque
1089 1405 1120 1448 a-

58 1437 116 1498 ulen
132 1439 196 1504 illurn
218 1448 355 1524 excludo,
386 1451 411 1512 si
439 1475 496 1532 pro
515 1454 575 1514 Dei
598 1453 782 1538 benignitate
809 1458 844 1518 ad
870 1458 978 1522 bonam
1004 1461 1119 1543 irugerp

61 1511 140 1576 ttlnit
166 1519 219 1582 Sed
236 1523 261 1584 si
279 1527 351 1605 quid
371 1527 442 1603 erit,
463 1531 543 1610 quod
566 1535 792 1614 suprascriptam
810 1557 952 1596 summam
973 1549 1120 1630 cucurret²

64 1587 168 1674 utitur
183 1617 314 1681 maguum
333 1607 364 1664 in
385 1623 422 1664 eo
442 1607 595 1687 negotium
616 1608 765 1685 futurum,
789 1613 959 1691 praesertim
984 1612 1036 1674 ubi
1059 1633 1120 1675 cerr

61 1661 119 1748 *gitur
137 1673 291 1739 nusiactum
324 1681 400 1754 crit,
432 1682 514 1745 cuius
543 1684 586 1744 rei
615 1687 769 1766 negotium
801 1687 958 1769 diiigenter
986 1689 1120 1750 mandavi

130 1744 193 1809 iniri
215 1773 297 1830 meo,
331 1757 413 1818 cuius
437 1758 505 1818 fidei
537 1771 567 1820 et
592 1759 816 1824 benevolentiae
836 1765 971 1836 conlido:
1005 1763 1118 1846 quade

55 1831 107 1874 (Μ
119 1819 179 1882 lion
195 1845 253 1890 esse
265 1831 334 1892 vulo
346 1855 381 1894 ac
401 1845 498 1894 statuo
519 1834 603 1897 buius
624 1839 681 1897 mei
701 1841 869 1900 testamenti
882 1855 1118 1936 exsequutorenp,

54 1907 191 1969 mlitteus
212 1905 275 1985 ipso
300 1921 463 1988 spectatum
485 1912 576 1972 virum
597 1913 787 1977 Laurentium
808 1917 1036 1992 Nornnnrlium,
1059 1939 1118 2012 po·

53 1975 138 2050 tobim
151 1976 198 2040 iilis
215 1985 387 2061 permittens
406 1985 583 2048 conficiendi
602 1989 750 2052 bonorum
770 2015 904 2052 meorum
924 1993 1117 2074 inventarium

53 2056 246 2128 §tltttcuratiorc
273 2060 385 2122 lorensi
405 2061 556 2146 diligentia
584 2086 618 2128 ac
637 2066 838 2129 sollennitate:
869 2071 1009 2149 permitto
1030 2073 1117 2147 ctiam

52 2135 94 2191 'itit
109 2128 204 2191 'tollere
226 2157 292 2198 cuca
315 2137 451 2213 mobilia,
482 2151 516 2200 ut
539 2159 574 2199 ox
598 2144 722 2220 pecunia
746 2145 863 2206 redacta
892 2147 1035 2226 suprasrr'
1058 2160 1117 2208 tarn

53 2210 111 2286 ΜΡ,
121 2201 278 2274 voluntatem
298 2233 362 2274 exse
386 2226 504 2292 uantur,
545 2239 611 2278 uam
630 2221 751 2299 exposui
772 2233 802 2282 et
822 2223 926 2285 dictavi
946 2221 1004 2285 boc
1052 2215 1116 2304 ilii.

54 2265 118 2364 brie
132 2279 183 2356 dle,
199 2287 287 2350 Anno
306 2237 476 2352 noim.
518 2239 714 2387 dostcaquam
734 2309 832 2356 autem
853 2318 910 2376 ego
936 2301 1118 2378 supradictus

55 2357 132 2430 cmm,
153 2365 276 2440 superius
305 2378 511 2430 testamentum
540 2373 661 2451 scripsi,
693 2373 838 2434 continuo
872 2374 949 2434 idem
977 2375 1115 2456 Calvinus

58 2432 218 2500 lultittbscri
239 2443 323 2503 tione
341 2465 393 2506 sna
415 2455 445 2504 et
464 2445 662 2529 chirographo
682 2447 754 2508 iilud
767 2449 958 2513 confirmavit.
989 2449 1115 2511 Postero

64 2567 69 2578 ,
97 2507 126 2579 iti
140 2508 188 2574 init
264 2519 313 2578 Vi.
331 2521 442 2600 Aprilis
463 2523 594 2586 eiusdem
614 2525 699 2600 anni,
719 2525 796 2587 idem
816 2537 962 2605 spectatus
981 2527 1025 2587 vir
1046 2519 1116 2588 Cai-

53 2587 140 2642 tuum
154 2589 186 2650 ad
201 2615 245 2654 se
262 2597 357 2656 vocari
377 2597 475 2672 iussit,
499 2621 616 2680 unaque
641 2622 755 2662 mecum
777 2601 971 2662 Theodorum
995 2603 1115 2680 beram,

51 2641 186 2734 “finitioni
203 2669 378 2749 Calvetum,
406 2675 581 2737 illicbaelcru
603 2678 739 2756 (lopun,
763 2677 945 2740 Luciuvieum
965 2679 1113 2758 Enocurn,

49 2717 147 2798 irus.
162 2741 375 2822 Coiadonium,
400 2749 540 2814 iacobum
561 2753 752 2828 Bordcsium,
771 2754 921 2818 ministros
941 2768 971 2818 ct
991 2757 1114 2838 concio-

49 2813 201 2882 Ιὶὶῡιιιιιιὶιὶ
226 2823 347 2888 Domini
366 2827 398 2886 in
425 2826 477 2888 bac
498 2828 620 2890 ecclesia
640 2829 825 2906 Gencvensi,
849 2831 979 2912 itemque
999 2844 1115 2912 specta-

48 2881 84 2936 un
96 2885 162 2954 sinn
177 2897 337 2964 Henricum
357 2903 557 2985 Scrimgcrum
593 2903 781 2974 ¹roiessoreru
807 2907 929 2983 artium,
954 2909 1031 2969 cives
1052 2907 1115 3000 Ge:

48 2967 144 3040 menn,
159 2985 291 3038 etcoram
309 2979 344 3040 iis
365 2981 502 3040 omuibus
523 2927 671 3061 proibrsus
692 3003 725 3044 ac
744 2995 865 3045 testatus
886 2997 939 3059 est,
959 3006 1021 3045 sese
1041 2981 1116 3044 mibr

48 3035 188 3172 mnium
223 3053 291 3116 iilud
318 3077 403 3116 suum
434 3077 468 3118 ea
495 3057 607 3132 iorma,
639 3081 694 3138 qua
722 3081 807 3140 supra
834 3062 1031 3141 conscriptum
1057 3071 1112 3137 est,

111 3137 131 3208 t,
145 3125 280 3209 simulque
297 3152 346 3192 me
367 3131 459 3208 iussit,
477 3133 551 3194 iilud
572 3135 642 3214 ipsis
653 3135 848 3210 andlentibus,
869 3148 899 3196 et
919 3157 952 3196 ea
973 3138 1009 3196 dc
1030 3157 1114 3197 eausa

50 3177 140 3256 ‘imit
153 3206 284 3284 recitare,
310 3207 390 3288 quod
415 3229 463 3270 me
483 3211 559 3272 clara
578 3231 652 3274 voce
680 3223 710 3272 et
728 3211 879 3274 articulate
900 3211 1001 3274 iecisse
1022 3211 1114 3292 proii-

49 3261 93 3322 ΜΠ
110 3288 163 3348 i⁰tl
177 3303 261 3362 quem
282 3285 489 3348 recitationem
513 3299 635 3348 testatus
656 3301 700 3351 est
719 3310 753 3348 sc
772 3288 937 3368 professus,
968 3309 1030 3350 cam
1051 3308 1114 3379 esse

49 3347 211 3424 'littidum
229 3359 427 3437 voluntatem,
453 3385 540 3444 quam
565 3376 657 3427 ratam
686 3385 747 3425 esse
773 3363 884 3444 cupiat,
917 3363 946 3424 in
968 3366 1049 3426 cuius
1069 3383 1113 3423 rer

49 3413 184 3494 litimonium
207 3449 236 3496 ct
254 3433 512 3500 confirmationem
532 3441 620 3521 petiit
644 3440 756 3502 abillis
778 3440 932 3518 omnibus,
959 3454 993 3502 nt
1018 3441 1113 3500 eidem

48 3491 162 3567 taonem,
178 3532 262 3574 manu
281 3535 333 3576 sua
353 3514 584 3592 subscriberent,
604 3517 684 3598 quod
706 3518 848 3578 contiuuo
868 3513 904 3578 ab
926 3517 982 3578 iilis
1004 3517 1112 3578 iactum

51 3576 136 3656 “fito
152 3597 179 3646 et
194 3609 292 3651 mense
314 3613 349 3652 su
372 3593 520 3673 rescriptis
542 3592 682 3655 Genevac
703 3593 733 3652 in
752 3593 819 3657 vico
839 3593 929 3686 vulgo
950 3593 1030 3684 dicto
1053 3593 1113 3654 Cd-

49 3651 171 3744 bunun,
188 3676 217 3726 et
233 3667 265 3728 iu
284 3667 312 3726 c'
367 3688 415 3728 em
435 3670 584 3732 testatoris
604 3663 765 3732 domicilio.
803 3669 840 3730 In
860 3691 942 3732 curus
962 3689 1006 3730 rer
1025 3669 1112 3731 fidem

47 3727 234 3864 metopium
262 3743 464 3826 supradictum
493 3757 701 3808 testamcutum
724 3743 845 3826 scripsi,
879 3759 909 3807 ct
934 3768 1023 3810 manu
1046 3765 1110 3810 mea

111 3823 178 3888 iiim
194 3819 302 3884 mirato
321 3821 418 3903 sigilio
439 3821 569 3903 supremi
589 3825 775 3906 Magistratus
797 3822 891 3888 nostri
911 3822 1072 3906 obsignavi.
1091 3899 1096 3908 ι

631 3973 768 4037 Petrus
790 3973 1013 4038 Ubeucintus.

86 4105 132 4178 lice
146 4124 261 4190 condito
281 4137 460 4190 testamento
480 4126 570 4204 misit,
589 4128 640 4208 qui
654 4139 779 4209 quatuos
790 4129 925 4212 Syndicis
937 4129 1108 4208 cunctisque

46 4165 173 4260 S‘litibus
189 4204 404 4285 significarent,
429 4223 538 4286 cupere
557 4225 604 4279 se,
630 4217 786 4285 antequam
813 4227 830 4266 c
854 4205 925 4268 vivis
946 4205 1109 4286 excederet,

45 4245 97 4320 'ill‘
109 4276 181 4340 senet
199 4299 250 4342 eos
270 4301 374 4345 omnes
394 4281 426 4342 in
446 4279 581 4344 euriaco
635 4279 739 4358 ellare,
766 4304 825 4364 quo
846 4282 988 4364 postridie
1006 4299 1039 4344 se
1059 4277 1111 4338 dc·

173 4369 310 4437 speraret
354 4357 587 4441 Responderunt
629 4370 781 4439 cuatorcs,
806 4379 837 4423 sc
862 4359 960 4442 potius
983 4355 1021 4422 ad
1041 4373 1108 4418 cunr
