2500 4852
169 246 226 320 lto
448 247 559 317 SEC'I'.
578 251 645 315 xv.
681 265 833 317 mensur
852 263 1021 317 ursmrmr.

169 399 405 492 speculationibus
424 423 476 466 nos
495 400 644 470 dedamus?
671 403 729 468 Sed
748 405 903 488 quaeritur,
922 423 1054 488 quaenam
1071 401 1232 466 nertenriniso

171 485 244 546 casio
261 481 350 553 ‘luerit
367 479 517 564 discipulis
555 481 745 564 Respondeo,
768 492 801 544 ut
824 481 948 544 libenter
970 499 1034 543 caro
1056 480 1150 542 excutit
1167 489 1232 541 omne

169 559 335 633 molestiam,
355 557 456 622 omissa
470 555 599 619 tristitiae
613 557 738 634 nrdterla,
757 557 834 642 qnod
853 559 889 620 de
902 556 1103 620 resumectione
1114 557 1232 618 dimunen'

169 637 329 718 arripuisse:
354 636 430 696 unde
452 629 528 696 inter
550 651 667 696 securos
691 645 755 695 orta
778 645 821 696 est
841 633 1001 718 disputatio.
1039 635 1076 694 Et
1091 633 1146 716 quia
1162 633 1232 714 priori

169 711 316 776 doctrinae
334 722 457 796 partem,
480 729 551 804 puae
570 709 691 772 insuavis
711 719 753 773 ert
772 709 865 786 carni,
885 709 1043 795 refugiunt,
1060 709 1133 770 Deos
1148 709 1173 767 in
1187 719 1232 768 ren

169 789 298 852 rectione
321 799 377 851 eos'
394 783 557 850 hallucinari
580 785 702 868 patitur,
725 796 759 847 ut
780 787 925 850 somnient
947 785 1026 869 quod
1042 785 1148 846 m'utirne
1162 783 1189 844 ln

170 876 243 940 erat,
265 858 410 939 Christum
428 861 482 924 sibi
501 858 576 922 nu'da
593 861 800 943 praedieatione
820 882 940 948 reguum
958 861 1113 943 acquirere,
1135 870 1160 921 et
1204 861 1210 873 '

169 949 328 1015 terrenum,
354 950 386 999 ut
408 955 475 1000 mox
497 934 532 1000 ud
555 937 666 1000 beatam
690 937 861 1022 opulentiam
885 948 1054 1022 emergeret
1094 939 1126 998 ln
1146 933 1218 996 brer

169 1017 335 1100 quaestione
357 1013 460 1098 duplex*
483 1011 538 1075 luit
558 1013 671 1076 vitium:
694 1028 878 1098 praepostere
899 1015 974 1076 enirn
993 1013 1134 1106 Apostoli,
1157 1009 1232 1072 dund

169 1091 388 1167 iectr'militiae,
410 1090 545 1171 adquam
565 1089 660 1152 vocati
679 1102 772 1166 eram,
787 1111 858 1152 'cura
877 1090 954 1174 quasi
973 1089 1076 1152 milites
1094 1083 1232 1165 mentori

170 1178 228 1230 tem
254 1177 283 1236 et
307 1165 445 1304 stipendia
468 1189 532 1228 curu
552 1165 707 1228 honorario
730 1165 784 1228 sibl
805 1177 872 1228 ante
895 1177 1009 1248 tempus
1029 1163 1169 1250 postulunt
1207 1161 1232 1304 [p

169 1253 320 1328 peram'et
362 1263 398 1304 oc
419 1239 561 1318 secundo,
585 1241 682 1322 quod,
699 1263 785 1324 quum
808 1239 936 1304 emtatim
959 1255 1020 1302 uno
1041 1261 1167 1302 consensu
1185 1239 1205 1297 ir

170 1342 232 1414 pssc
251 1319 376 1381 debeant
397 1319 431 1380 ad
455 1339 486 1380 se
510 1328 608 1379 mutuo
633 1317 783 1395 iuvandos,
807 1339 861 1379 nec
885 1317 1019 1380 l'rntribns
1037 1319 1125 1377 minus
1143 1309 1232 1458 qusnp

189 1395 289 1458 almam
312 1403 461 1478 appetere,
483 1393 605 1478 maligna
631 1391 786 1456 ambitione
813 1395 860 1456 alii
887 1395 957 1454 alios
981 1405 1153 1476 praevertere
1168 1391 1214 1451 sud

169 1419 271 1564 b{luttere
293 1482 326 1532 ut
348 1469 486 1553 probetur
507 1490 605 1532 cursus
624 1479 723 1532 noster
743 1469 883 1548 Domino,
909 1469 1047 1562 discamus
1057 1464 1213 1562 'patienterl

170 1546 332 1630 nnpositum
355 1545 438 1608 nobis
462 1546 552 1607 crucis
576 1563 664 1620 onus,
687 1545 789 1620 ‚donee
811 1558 951 1606 maturum
974 1545 1149 1630 recipiendae
1168 1561 1232 1603 coro,

170 1622 442 1757 tempnsladveniat:
462 1621 563 1714 deinde
582 1621 816 1704 quemadmodum
834 1619 1094 1714 Paulusbortatnr,
1112 1617 1152 1682 alii
1168 1618 1232 1710 eliosl

170 1721 262 1762 cusum
291 1719 393 1762 nonore
411 1717 578 1780 praevenire
596 1693 697 1778 (llum.
717 1701 768 1773 12,
788 1698 858 1775 lu).
904 1698 1001 1758 Prion
1020 1708 1091 1757 ntro
1108 1693 1185 1756 alfinu
1198 1683 1232 2054 q

172 1787 215 1838 est
233 1796 304 1836 vana
323 1795 422 1836 eorum
441 1771 601 1856 uniositas,
624 1771 672 1855 qui
690 1773 791 1836 relicto
811 1773 969 1836 vocationis
987 1791 1057 1834 suae
1073 1773 1185 1858 legitimo
1200 1789 1210 1827 e

170 1871 254 1932 supra
272 1845 367 1912 coelos
388 1849 550 1932 importune
568 1847 678 1910 saltant.
722 1847 865 1912 Dominus
887 1847 918 1910 in
942 1849 1023 1912 Euan
1048 1847 1100 1910 elio
1123 1849 1153 1908 ad
1171 1864 1209 1936 reg

170 1949 251 1988 suum
269 1946 323 1987 nos
343 1925 463 1986 invinns
483 1925 565 2001 viam,
584 1946 638 2008 qna
657 1922 722 1986 illuc
741 1926 915 2008 pervenitur,
934 1869 1069 1987 ostendt.
1111 1921 1207 1983 Volatin

169 2001 260 2062 mines
280 2003 315 2064 de
333 2001 401 2076 lide,
426 1999 575 2086 pudentia,
601 1999 657 2064 Dei
676 2001 857 2063 invocatione
877 2013 906 2062 et
927 2001 987 2082 aliis
1008 1999 1142 2064 exercitius
1157 1997 1208 2058 nill
1231 2059 1232 2066 ,

170 2079 305 2160 gimnus,
325 2075 394 2216 prid
413 2075 443 2137 in
461 2072 544 2140 coelo
566 2087 682 2160 geratur
700 2078 856 2170 disputant:
881 2077 937 2138 boc
958 2097 1031 2138 vero
1051 2077 1160 2160 perinde
1174 2086 1226 2132 esta

191 2151 231 2216 uis
251 2153 306 2215 iter
336 2163 461 2226 acturus,
484 2153 519 2214 de
537 2149 653 2234 hospitii
671 2153 726 2214 situ
745 2175 775 2214 to
797 2155 902 2228 uirens,
948 2153 1031 2213 erlem
1050 2172 1109 2214 non
1125 2169 1218 2234 promor

189 2233 242 2290 'arn
280 2251 346 2290 rrum
366 2227 505 2290 Dominus
523 2227 553 2290 in
571 2239 647 2290 terra
665 2249 718 2290 nos
737 2175 880 2291 andulare
898 2173 1003 2302 tudere,
1026 2229 1161 2311 quomodo
1176 2225 1210 2286 red

169 2303 199 2373 in
219 2253 305 2366 codis
324 2303 443 2382 mortui,
468 2304 592 2388 quisquis
616 2305 728 2366 curiose
747 2305 882 2388 disputat,
907 2327 938 2368 se
962 2305 1000 2366 ab
1023 2325 1133 2367 accessu
1152 2287 1232 2422 md

169 2393 306 2445 moratur.

167 2455 173 2464 ’
243 2457 274 2520 2.
306 2458 492 2518 Arcessitum
499 2454 631 2536 puellum
642 2457 699 2517 les.
711 2460 824 2516 statuit
834 2457 866 2516 ln
876 2455 952 2518 med.
986 2449 1209 2534 Sununaesttqui

167 2531 347 2615 gnitudinem
359 2543 508 2616 appetunt,
528 2551 581 2614 qus
597 2531 740 2594 emineant
754 2553 786 2595 su
808 2553 838 2594 rs
852 2533 965 2608 stenes,
985 2533 1060 2595 adeo
1081 2553 1138 2594 non
1154 2527 1202 2618 lore¹
1226 2523 1230 2538 '

169 2620 325 2689 compotes,
337 2619 371 2670 ut
379 2631 416 2670 ne
426 2619 551 2670 extremo
561 2608 673 2694 quidem
681 2553 911 2700 angulo'daerere
920 2621 1036 2690 queant.
1064 2611 1214 2672 Aeonum

169 2695 228 2744 tem
242 2682 435 2760 ratiocinatur,
451 2686 515 2777 quia
525 2684 583 2746 sola
597 2705 649 2746 nos
662 2685 799 2747 humilitus
813 2684 934 2746 extollat.
964 2683 1045 2762 Quia
1058 2705 1125 2748 vero
1136 2681 1204 2766 mugit

169 2760 249 2820 ciunt
257 2759 385 2822 obiectae
394 2760 481 2821 ocnlrs
490 2760 608 2843 specics,
622 2772 720 2842 typum
729 2759 890 2822 humilitatis
900 2761 930 2820 in
939 2781 1032 2842 puero
1039 2760 1144 2822 infante
1150 2775 1219 2840 propo

168 2835 241 2898 Nam
281 2837 336 2896 uod
354 2835 434 2896 iubet
452 2857 518 2898 suos
539 2835 611 2896 elficl
629 2857 720 2918 puero
739 2836 855 2914 similes,
878 2857 937 2896 non
962 2839 997 2897 nd
1023 2839 1117 2898 omnis
1138 2831 1208 2918 pron'

169 2857 336 2974 extendum.
378 2909 502 2986 Scimus,
528 2913 556 2972 in
579 2913 674 2996 pueris
697 2913 785 2974 multa
809 2932 869 2974 esse
891 2911 1005 2974 vitiosa:
1038 2933 1122 2994 qnare
1145 2921 1169 2971 et
1185 2909 1225 2992 Pau

168 3007 229 3047 nou
247 3009 345 3062 sensu,
371 2988 420 3050 sed
438 2983 540 3048 malitia
559 3006 663 3070 pueros
682 3009 742 3052 esse
762 2989 836 3066 vult,
863 3007 934 3072 quoe
953 2987 1020 3049 alibi
1040 2989 1075 3050 ad
1093 2999 1194 3050 aetatem
1207 3003 1225 3038 tt

168 3059 223 3124 lem
243 3063 312 3128 eniti
329 3061 408 3124 iubet
427 3065 464 3143 (l.
485 3063 554 3126 Cor.
572 3067 622 3136 ld,
645 3065 691 3127 m.
720 3064 824 3148 ltpbes.
844 3063 966 3143 4,13.).
1012 3065 1072 3128 Sed
1091 3065 1149 3146 qnia
1165 3055 1220 3120 nond

166 3137 268 3201 terrent
287 3137 416 3214 infantes,
435 3137 503 3222 quid
521 3139 558 3200 sit
574 3134 634 3204 eliis
652 3140 798 3222 praeferri,
816 3151 848 3202 ut
866 3141 902 3201 de
919 3139 1045 3234 primatu
1062 3151 1170 3210 certent,
1186 3153 1210 3194 ω

168 3215 296 3298 exemplo
317 3213 446 3278 Christus
464 3213 633 3288 delerivult
651 3227 684 3276 er
704 3237 819 3278 snorum
842 3215 954 3293 anirum,
978 3239 1051 3300 quae
1074 3211 1216 3309 probnilo

167 3311 218 3352 nes
244 3304 272 3350 et
295 3289 345 3352 lilii
367 3291 470 3352 saeculi
495 3293 530 3352 de
546 3279 690 3352 bonorum
709 3291 857 3355 dulcedine
877 3305 1016 3384 perpetuo
1040 3303 1154 3378 agitant,
1174 3305 1201 3348 ne

167 3386 216 3428 eos
236 3364 329 3430 titillet
347 3367 472 3428 ambitio.
512 3365 544 3428 Si
562 3362 624 3448 duis
644 3363 771 3450 excipiat,
790 3367 942 3429 inlantrbus
962 3380 1079 3462 quoqne
1097 3369 1129 3428 sb
1145 3377 1208 3449 uterq

165 3441 289 3576 penitam
310 3463 370 3504 esse
388 3439 556 3525 superbiam,
571 3455 602 3502 nt
621 3443 738 3524 primam
756 3443 799 3506 sni
817 3467 912 3506 curam
931 3457 961 3504 et
978 3458 1118 3506 ratronem
1132 3441 1207 3502 baben

176 3528 227 3592 nrt,
246 3517 333 3580 facilis
351 3519 497 3600 responsio
517 3530 572 3594 est,
598 3519 792 3582 similitudines
811 3541 871 3586 non
890 3531 987 3581 erecte
1005 3522 1088 3581 nimis
1107 3541 1155 3579 nec
1169 3535 1215 3574 scm

162 3591 225 3654 lose'
250 3593 355 3657 debere
379 3595 484 3669 excuti,
508 3606 539 3654 ut
563 3594 658 3656 insin
700 3597 731 3657 lis
756 3597 883 3680 partibus
905 3617 959 3657 con
1034 3610 1074 3658 nt.
1119 3591 1213 3670 Quitt

164 3679 243 3730 tenta
265 3669 355 3733 adbuc
379 3669 410 3732 iu
432 3682 523 3732 aetate
548 3669 750 3734 insnntuorunr'
772 3684 872 3767 regnat
894 3672 965 3756 simp
976 3671 1068 3750 scitas,
1095 3681 1127 3732 nt
1146 3668 1230 3727 nomn

163 3733 265 3884 {radus
291 3758 321 3807 et
341 3747 454 3828 quaeris
478 3745 626 3830 superbiae
649 3747 774 3811 tomenta
797 3759 944 3833 rgnorent,
974 3769 1023 3810 eos
1049 3749 1147 3809 mento
1167 3753 1216 3802 ete

192 3821 294 3886 hristus
312 3816 341 3882 in
362 3821 518 3904 exemplum
536 3822 681 3906 proponit.
728 3827 825 3910 Atque
844 3825 900 3888 hue
916 3835 1025 3908 spectat
1044 3820 1181 3886 conversio

162 3898 303 3975 meminit,
366 3900 402 3960 od
425 3897 533 3959 scilicet
555 3901 590 3960 ad
609 3917 772 3966 communes
793 3899 939 3966 hominum
956 3923 1053 3964 mores
1070 3899 1122 3960 iarn
1140 3893 1205 3956 nimis

160 3971 317 4036 screvissent
354 3973 469 4056 iscipnli‚
489 3974 609 4058 ideoque
628 3987 661 4036 ut
679 3977 714 4038 ud
732 3999 849 4060 scopum
868 3977 1000 4060 aspirent,
1019 3997 1127 4038 cursuum
1140 3971 1183 4031 illis
1193 3979 1222 4025 ret

159 4049 330 4132 lleetcudum
351 4069 420 4114 esse.
450 4049 579 4132 Quisque
617 4051 718 4114 rimum
737 4053 831 4117 locnrn
850 4053 895 4116 vel
915 4053 1068 4114 secundum
1085 4049 1135 4114 nbi
1152 4057 1192 4136 02¹

161 4121 381 4187 Christus-vero
403 4127 545 4188 neminem
569 4071 615 4190 vd
637 4127 735 4192 intimo
759 4128 890 4194 subsellio
909 4129 1052 4214 dignatur,
1076 4125 1126 4188 nisi
1142 4145 1181 4204 qut
1197 4142 1218 4206 t,

159 4199 271 4264 nentlae
289 4194 391 4262 oblitus
403 4221 441 4270 se
459 4201 592 4264 humiliet.
639 4203 843 4286 Contratero
868 4207 1000 4267 maximos
1022 4203 1086 4266 lore
1107 4205 1228 4284 ponuntur

156 4273 253 4365 qui-se
271 4275 445 4368 demiserint:
467 4299 504 4369 ne
543 4279 589 4340 nid
608 4281 712 4344 scilicet
732 4284 814 4346 nobis
833 4281 970 4346 decedere
988 4293 1122 4366 putentis,
1137 4273 1177 4367 pb?
1190 4267 1219 4328 ⁰¹²

155 4350 279 4413 cedimus
297 4373 376 4446 ⁰m¹tt
393 4365 520 4438 nugmtu
568 4377 594 4417 e.
630 4359 728 4442 Atque
750 4359 817 4424 hinc
841 4359 936 4447 colligi
957 4369 1052 4442 potest
1073 4351 1188 4420 bretol
