2678 4860
296 234 378 320 (209.
407 233 547 309 ,Christus
566 233 716 298 damnatur
735 247 765 298 et
785 235 958 318 abducitur.)
1136 243 1195 308 db'l

90 382 203 536 nm
225 387 272 447 lb*-
313 389 508 468 Castigotum
532 409 602 470 ergo
625 387 787 452 dimittam.
825 389 858 452 Si
880 391 958 472 quod
976 389 1039 456 leve
1063 391 1195 460 delictum

54 459 88 522 ad
224 473 284 524 erat
308 461 557 554 absque-erimine
581 465 702 548 capitali,
736 488 801 527 eum
825 466 873 548 qui
896 467 1050 551 deliquerat
1067 469 1196 536 solebant

51 535 165 598 romani
191 539 330 619 praesides
359 561 447 624 virgis
475 541 605 603 caedere:
651 554 735 622 atque
762 543 816 604 hoc
841 565 950 625 poenae
975 567 1065 630 genus
1088 546 1195 610 dietum

53 613 109 674 luit
129 615 267 676 coerctio.
307 615 409 708 Inique
428 635 498 702 ergo
521 617 638 693 Pilatus,
659 620 706 698 qui
726 617 924 682 Christumab
944 621 1023 682 omni
1042 621 1125 704 culpa
1143 624 1194 686 ab·

51 690 181 768 solvens,
202 691 286 770 quasi.
300 693 452 754 medonis
473 693 566 756 delicti
586 697 749 756 convictum
789 697 870 758 unire
888 695 958 760 vult.
996 699 1098 780 Neque
1117 701 1193 764 enlm

50 767 144 828 solum
170 779 302 844 testatur,
332 767 439 830 nullum
462 793 493 831 se
517 770 624 834 crimen
649 783 744 834 morte
768 717 884 868 dignum
904 775 932 836 iu
953 794 989 835 eo
1009 776 1193 858 comperisse,

50 845 101 905 sed
122 843 182 906 eius
200 841 394 906 innocentiam
414 846 519 928 absque
543 848 711 928 exceptione
737 848 843 911 asserit.
883 851 943 912 Cur
963 871 1033 946 erqo
1056 874 1121 914 eum
1139 851 1193 914 tta-

50 920 156 1002 gellat?
194 921 252 982 Sed
275 921 313 982 ita
336 922 430 984 solent
456 924 565 984 terreni
591 922 734 995 homines,
759 948 830 1004 quos
855 925 912 986 Dei
931 927 1052 1007 Spiritus
1071 927 1100 988 in
1120 949 1192 989 con-

49 997 137 1058 stanti
157 997 227 1057 recti
246 999 337 1059 studio
359 1020 419 1059 noo
439 999 602 1073 confirmat,
626 999 734 1060 etiamsi
759 1002 928 1082 aequitatem
952 1003 1049 1065 colere
1068 1005 1191 1085 cupiant,

49 1074 84 1134 aul
103 1073 228 1134 medieas
245 1073 360 1136 iniurias
381 1076 472 1152 coacti
493 1076 653 1140 deflectere.
695 1077 757 1138 Nec
782 1077 871 1138 modo
899 1077 954 1142 hoc
973 1079 1027 1140 sihi
1046 1101 1101 1162 pro
1119 1081 1192 1142 iusta

49 1151 231 1211 crematione
250 1149 372 1224 ducunt,
406 1151 483 1232 quod
502 1171 563 1214 non
582 1153 746 1236 gravissime
766 1153 928 1234 peccarint,
952 1153 1002 1216 sed
1022 1176 1056 1218 ex
1078 1176 1113 1217 eo
1133 1155 1191 1220 cle-

49 1227 175 1287 mentiae
195 1227 303 1287 laudem
324 1227 377 1288 sibi
396 1241 545 1312 arrogant,
575 1229 651 1308 quod
691 1230 852 1310 epercerint
875 1231 966 1311 aliqua
991 1250 1025 1292 er
1045 1243 1125 1324 parte
1145 1232 1191 1294 in·

48 1303 151 1364 nodis
189 1302 302 1366 loterea
323 1325 383 1366 nou
402 1317 549 1396 reputant,
570 1251 695 1384 quamvls
714 1305 788 1368 absit
804 1317 932 1374 exuema
950 1308 1115 1382 crudelitas,
1129 1328 1191 1374 nou

48 1381 133 1440 aliter
150 1378 236 1461 uirgis
256 1401 338 1459 quam
357 1403 447 1442 secun
468 1381 566 1442 violari
587 1381 733 1456 iustitiam,
763 1403 833 1460 quae
858 1381 1010 1464 pretiosior
1034 1397 1076 1446 est
1095 1384 1190 1458 homi·

49 1479 118 1517 oum
139 1452 202 1516 rita.
244 1456 331 1531 Quod
351 1457 386 1518 ad
406 1457 508 1518 Filium
526 1457 582 1517 Dei
601 1467 727 1538 spectat,
763 1459 820 1518 hoc
839 1457 928 1520 modo
949 1459 1093 1537 dimissus,
1119 1481 1190 1540 pro·

49 1531 135 1592 hrum
150 1531 300 1614 ‘virgarum
319 1533 382 1594 sinc
398 1533 493 1595 salutis
512 1545 625 1594 nostrae
645 1534 777 1614 proiectu
797 1555 892 1596 seuam
911 1533 1032 1596 tulissets
1051 1533 1083 1595 in
1104 1555 1190 1599 cnree

49 1629 131 1682 vero,
150 1627 210 1668 nen
230 1629 310 1672 secus
330 1619 413 1689 atque
432 1610 461 1673 iu
481 1609 627 1690 splendido
648 1631 742 1682 curru,
761 1610 796 1670 de
818 1610 945 1680 bostihtus
964 1611 1188 1682 suisacuustris

47 1685 135 1745 trium
173 1683 240 1748 avit.
285 1685 402 1746 Utinam
425 1707 495 1747 vero
523 1707 583 1746 nou
608 1685 701 1748 multis
731 1686 816 1748 hodie
841 1686 939 1748 Pilatis
965 1687 1087 1750 refertus
1114 1699 1188 1748 esset

47 1782 117 1820 mun
139 1783 177 1823 us.
217 1761 275 1821 Sed
298 1760 373 1821 idem
397 1760 524 1823 videmus
550 1763 578 1821 in
603 1761 742 1822 memhris
764 1761 917 1856 compleri,
944 1764 1021 1845 quod
1048 1761 1188 1845 incapite

47 1848 183 1917 coeptum
207 1847 259 1898 est
309 1840 415 1898 Eadem
439 1859 492 1919 qua
522 1836 624 1902 iudaiei
649 1839 808 1900 sacerdotes
840 1837 954 1900 saeertla
981 1838 1128 1902 Christum
1152 1841 1187 1904 ed

47 1925 172 1976 mertem
191 1911 360 1993 raptandum
378 1935 438 1978 esse
457 1913 625 1987 clamarunt,
657 1916 718 1996 pios
738 1915 797 1976 eius
815 1937 913 1978 servos
932 1935 1013 1998 perse
1035 1916 1110 1981 uiuo
1128 1915 1187 1980 cle·

46 2012 94 2052 rus
114 1989 225 2072 papalis.
250 1987 333 2052 Multi
354 1990 466 2071 quidem
487 2012 521 2050 ex
540 1989 677 2055 iudicibus
696 1991 869 2054 voluntarios
889 2011 919 2053 se
940 1938 1083 2054 carnibces
1103 2013 1187 2076 prae·

47 2067 120 2126 hent
140 2087 239 2125 eorum
260 2061 362 2127 lurori:
382 2067 431 2126 sed
450 2065 514 2147 quia
532 2067 690 2128 abhorrent
707 2087 723 2127 a
742 2067 878 2148 sanguine
897 2067 1059 2142 fundendo,
1079 2079 1110 2129 ut
1130 2067 1186 2128 eri-

45 2145 126 2223 piant
145 2141 274 2204 homines
292 2141 425 2206 innoxios
443 2163 459 2202 a
479 2153 584 2217 morte,
607 2143 753 2204 Christum
772 2142 863 2222 ipsum
885 2143 1011 2221 (unicam
1031 2143 1088 2204 Ilei
1106 2142 1186 2204 usu-

45 2219 132 2296 tiam)
149 2217 301 2301 flagellant.
334 2217 412 2294 Quid
433 2219 509 2280 enim
527 2218 602 2280 aliud
619 2229 672 2292 est,
690 2219 748 2280 Dei
766 2218 889 2282 cultores
908 2219 1089 2282 redimendae
1107 2219 1185 2281 uitae

45 2315 132 2356 eausa
155 2294 189 2354 ad
211 2294 355 2377 Evangelii
381 2293 600 2374 abnegationem
623 2314 742 2376 cogere,
777 2315 860 2375 quam
883 2295 927 2356 vir
948 2315 1026 2356 arum
1052 2295 1186 2358 dedecori

45 2371 188 2435 subiicere
212 2369 319 2432 Christi
344 2373 468 2433 ndmen?
506 2371 621 2437 Interea
651 2369 774 2430 hostium
804 2371 863 2432 eius
893 2316 1054 2432 uidendam
1081 2369 1186 2433 obten-

45 2449 132 2510 dunt:
155 2447 231 2538 quasi
251 2447 308 2508 hoc
327 2446 427 2509 colore
446 2445 537 2529 probe
556 2457 669 2528 tegatur
690 2446 796 2526 perlida
818 2467 918 2509 eorum
937 2447 1084 2522 timiditas,
1104 2467 1186 2527 quae,

45 2525 69 2588 si
86 2525 117 2586 in
134 2521 309 2596 Prhto'noo
329 2522 389 2600 luit
401 2522 578 2600 excusabilis,
596 2543 734 2584 summam
752 2520 785 2582 in
802 2521 867 2604 ipsis
887 2521 1104 2586 detestationem
1123 2543 1185 2582 me-

45 2615 136 2662 retur.
176 2599 509 2680 Caeterum'quanquam
534 2596 592 2659 hoc
618 2609 799 2678 praetereunt
824 2611 883 2658 tres
913 2597 1006 2659 nostri
1032 2595 1185 2679 Evangeli-

44 2688 123 2750 stae,
143 2695 178 2735 er
196 2675 305 2736 Ioanne
323 2685 418 2734 tamen
439 2685 562 2748 eotrstat,
583 2673 669 2756 virgis
689 2673 901 2735 caesum'hrisse
922 2673 1079 2748 Christum,
1099 2691 1184 2754 quuua

44 2754 143 2814 adhue
158 2751 195 2812 de
212 2752 348 2811 semmaa
364 2749 426 2810 stus
440 2751 503 2812 uita
523 2752 712 2812 contenderet
730 2748 847 2822 Pilatus,
868 2761 902 2810 ut
918 2749 1070 2832 spectaculi
1088 2747 1185 2811 duor-

44 2829 132 2890 mitas
175 2824 251 2906 epuli
270 2827 375 2889 rabiem
395 2826 531 2908 placaret:
559 2825 645 2888 simul
666 2837 760 2900 tamen
783 2825 888 2891 addidit
910 2828 1034 2908 loanues
1051 2823 1185 2910 implaca-

45 2903 135 2967 hilam
168 2904 256 2982 uisse,
277 2901 370 2965 donec
391 2903 542 2979 exstinctus
562 2915 635 2966 esset
653 2901 728 2966 vitae
748 2915 857 2965 auctor.

136 3209 241 3292 (209.)
284 3207 455 3276 ΜΛΤΤΗ.
476 3207 608 3276 xxvtt.
667 3207 720 3275 21.
757 3205 883 3273 Videns
919 3217 1024 3273 autem
1057 3205 1187 3288 Pilatus,

42 3311 139 3401 quod
162 3311 242 3379 nihil
264 3301 444 3400 proliceret,
466 3309 523 3376 sed
546 3312 645 3398 stragis
665 3309 817 3376 tumultus
831 3309 930 3391 fieret,
951 3319 1082 3396 accepta
1103 3323 1186 3396 aqua

42 3415 152 3482 abluit
179 3437 292 3482 marrus
320 3435 428 3481 coram
456 3411 594 3502 popule,
630 3408 759 3494 dicens,
792 3413 953 3478 Innocens
981 3431 1042 3499 ego
1069 3431 1139 3476 sura
1167 3431 1187 3474 a

43 3519 204 3615 sauguine
227 3515 321 3583 huius
345 3518 433 3582 iusti:
467 3537 527 3582 vos
549 3515 702 3582 videritis.
753 3513 806 3582 25.
827 3516 870 3582 Et
890 3513 1093 3603 respondeus
1115 3511 1187 3576 uui-

45 3643 165 3690 versus
184 3621 329 3719 populus
352 3617 443 3698 dixit,
471 3619 607 3704 Sanguis
629 3621 699 3686 eius
722 3640 822 3708 super
843 3639 904 3684 noa
927 3627 959 3684 et
980 3613 1186 3705 superstites

41 3737 194 3794 nostros.
233 3725 288 3790 26.
309 3723 404 3790 Tunc
427 3720 547 3788 dimisit
567 3719 632 3788 illis
654 3719 852 3790 Barabbam:
876 3721 981 3787 lesum
1004 3729 1107 3785 autem
1130 3717 1187 3783 lla·

41 3827 201 3916 gellatuur
229 3823 376 3910 tradidit,
408 3835 443 3890 ut
471 3822 720 3910 crucifigeretur.
763 3823 815 3888 27.
839 3827 935 3890 Τυιιο
954 3822 1070 3888 auilites
1092 3817 1191 3886 Prae·

42 3931 129 4000 sidis
153 3931 364 4020 suscipientes
387 3929 491 3992 lesum
514 3927 751 4006 iul‘ractorio‚·
765 3934 1040 4014 congregaverunt
1056 3921 1098 3993 ud
1115 3939 1188 3987 eum

43 4037 236 4102 universam
259 4032 434 4098 cohortem.
500 4029 553 4097 28.
576 4027 616 4096 Et
638 4051 736 4116 quum
760 4031 920 4094 exuissent
941 4047 1028 4105 eum,
1055 4027 1188 4092 circum-

44 4135 215 4203 dederunt
237 4137 267 4201 ei
289 4131 489 4220 chlamydem
513 4134 704 4200 coccineam.
748 4131 801 4196 29.
823 4131 865 4196 Et
886 4149 1039 4198 ceronam
1062 4125 1104 4193 de
1125 4125 1190 4216 api-

45 4241 103 4306 nis
127 4247 309 4306 contextam
338 4239 564 4323 imposuerunt
584 4257 681 4326 super
707 4245 802 4322 caput
825 4235 909 4311 eius,
943 4242 976 4299 et
1000 4228 1190 4298 arundinem

46 4347 86 4410 iu
111 4341 225 4409 dextra
246 4343 330 4408 eius:
360 4348 392 4406 et
413 4359 498 4426 genu
518 4337 602 4409 llere
625 4348 698 4410 ante
719 4357 791 4405 euru
812 4335 994 4404 illudebant
1013 4336 1058 4415 ei,
1082 4331 1191 4401 dicen·
