2496 4852
165 133 249 258 ,uc
621 194 774 263 suerro
797 199 850 262 vr.

169 333 304 416 proxlmu
331 334 466 406 membro
490 311 678 409 'commendat
704 343 765 408 eius
798 345 973 440 potentiam.
1003 349 1084 443 ,MP
1104 373 1182 445 quum
1202 356 1237 450 Sq

193 422 258 475 tura
268 409 367 472 Deum
386 411 418 475 in
431 413 519 478 coelo
539 437 602 480 ease
623 419 707 496 dicit,
726 441 825 485 ornnra
844 423 964 487 subesse
984 445 1045 488 erus
1064 449 1184 508 ruperto,
1199 455 1222 492 ιιι

169 431 249 547 dum
266 498 297 551 et
346 488 463 570 nicquid
489 491 520 558 in
544 515 581 554 eo
612 509 657 557 est
680 519 767 560 manu
793 501 855 562 eius
885 502 1049 576 contineri,
1075 451 1237 572 viuuremd

172 561 224 623 ubi
247 583 283 625 ue
299 509 472 644 ..diffusam
511 573 696 651 providentia
736 576 798 640 airu
838 589 944 648 cuncta
982 579 1109 672 ordinari
1143 584 1222 674 signili

172 585 249 700 Psal.
268 645 303 716 2,
321 648 350 706 4.
374 643 446 706 dicit
469 645 584 724 David,
609 651 766 714 Habitator
795 655 948 726 coelorum
977 657 1111 720 irrrdebrt
1133 680 1188 720 eos:
1213 675 1229 720 ιι

173 711 294 779 Psalmo
313 724 386 793 115,
405 726 451 792 3.,
467 722 550 786 Deua
571 739 673 788 noster
693 730 721 789 in
748 729 851 809 coelo,
878 753 1070 812 quaecunque
1089 734 1187 812 noluit,
1208 737 1228 796 le

174 789 337 854 Caeterum.
352 816 414 857 non
433 796 475 858 ita
494 799 609 864 locatur
628 803 658 864 in
679 804 765 876 coelo
785 808 884 880 Deus,
913 810 993 887 quasi
1018 811 1077 872 illic
1100 813 1135 872 sit
1156 813 1229 873 incius

194 867 272 928 otius
299 871 378 930 euim
403 877 565 938 tenendum
589 891 634 940 est
658 883 739 962 quod
764 884 835 945 alibi
862 885 967 946 dicitur
990 887 1046 966 (Il.
1068 887 1157 950 Paral.
1177 897 1207 962 2,
1236 951 1237 984 p

172 888 287 1012 boelus
306 945 459 1013 coelorum
479 971 546 1014 eum
566 975 629 1018 uon
649 976 765 1051 capere.
803 961 863 1022 Sed
889 960 961 1026 baec
980 963 1114 1044 loquutio
1137 966 1168 1026 ab
1187 965 1237 1055 ordi}

173 1030 371 1083 creaturarum
391 1043 458 1086 eum
478 1033 606 1096 eximam
621 1035 702 1100 ‚nibil
722 1036 831 1101 humile
851 1037 897 1099 cel
917 1050 1084 1116 terrenum,
1108 1042 1154 1104 uhi
1172 1043 1224 1102 dci

173 1097 287 1176 agitur,
306 1099 407 1165 venire
426 1101 459 1164 in
477 1119 606 1180 meptem
626 1109 736 1174 debere
754 1114 909 1189 admonet,
936 1119 1003 1196 quia
1022 1118 1159 1180 excelsior
1173 1121 1225 1208 sit·

172 1171 314 1265 mundo..
332 1175 420 1250 Nunc
434 1191 579 1272 'tenemus
605 1185 718 1252 Christi
735 1191 930 1283 'consilium'
946 1213 1053 1286 nempe
1075 1195 1154 1275 quod
1174 1197 1199 1256 in
1219 1219 1225 1254 ι

173 1249 314 1388 iiiiii
326 1255 931 1416 :tittltsrtt'ttrllttt‘rttdt
948 1269 1145 1430 ,ttttsstt
1162 1285 1233 1430 tlt

172 1399 325 1468 carebunt.
363 1406 425 1472 Iam
445 1431 537 1491 quum
555 1415 675 1493 stultae,
699 1419 761 1486 imo
786 1422 903 1487 insanae
922 1427 1111 1505 arrogantiae
1126 1427 1174 1500 sit,
1194 1425 1227 1484 llt

173 1475 312 1541 invocare
331 1480 469 1562 Patrem,
490 1489 547 1552 nisi
571 1505 715 1571 quatenu:
735 1498 767 1556 iu
786 1495 897 1562 Christi
916 1519 1046 1578 corpore
1065 1503 1141 1564 insiti
1159 1526 1203 1584 pro
1217 1503 1235 1562 hl

171 1553 373 1634 agnoscimur,
392 1561 472 1624 ¹binc
496 1567 676 1650 colligimus,
706 1593 768 1634 non
796 1573 885 1636 alium
916 1594 978 1636 ease
1029 1581 1232 1654 recaudipnodu

173 1649 260 1708 quam
280 1631 330 1692 ubi
343 1636 509 1701 Mediatore
526 1642 595 1705 freti
612 1648 648 1708 ad
660 1649 758 1710 Deum
777 1649 950 1712 accedimus.
1047 1657 1177 1747 ctifloctru
1190 1679 1220 1716 aa

171 1717 262 1765 ιιιηιιι.
294 1709 352 1774 llic
372 1711 477 1776 clarius
494 1734 616 1800 apparet
636 1725 716 1805 quod
737 1724 807 1800 dixi,
825 1726 859 1786 iu
878 1727 972 1788 trihus
1015 1731 1094 1794 rimu
1113 1733 1224 1814 petitioni

172 1779 344 1862 posthabito
373 1791 469 1852 nostri
499 1815 547 1859 rea
568 1810 637 1862 ectu
665 1803 862 1882 quaerendam
895 1823 957 1864 esse
1013 1809 1040 1868 ei
1066 1809 1192 1890 gloriam:
1220 1831 1233 1870 r

173 1857 254 1948 quod
272 1877 405 1954 separapa
423 1865 462 1928 ait
481 1889 498 1930 a
515 1818 609 1936 salute
629 1891 746 1954 nostra,
772 1879 824 1940 red
865 1880 926 1941 uod
945 1895 1078 1946 meretur
1096 1885 1150 1977 Dei
1166 1888 1233 1946 nair:

173 1933 310 1999 omnbus
333 1939 395 2002 airu
420 1944 497 2006 curis
521 1947 572 2010 lon
596 1972 613 2011 e
639 1955 791 2033 praeferri.
837 1900 971 2020 §ululare
1002 1973 1048 2021 est
1079 1963 1172 2035 nobes,
1194 1963 1228 2020 Ile

172 2028 299 2090 regnare
317 2035 461 2098 auumque
479 2021 523 2086 illi
541 1971 633 2090 tribui
652 2031 813 2106 honorem,
836 2033 887 2092 sed
908 2053 996 2094 nemo
1015 2039 1085 2100 satis
1102 2060 1196 2122 magno
1212 2039 1232 2096 di

172 2104 227 2146 nae
251 2087 365 2170 gloriae
388 2094 534 2162 desiderio
558 2105 596 2164 fla
620 2119 681 2182 rat,
706 2107 762 2170 nisi
786 2107 838 2188 qui
867 2111 912 2170 sui
942 2112 1156 2191 quodammodo
1184 2113 1229 2176 obli

173 2161 210 2222 ad
234 2169 429 2242 quaerendam
455 2173 531 2238 illius
557 2181 740 2245 altitudinem
765 2204 830 2244 sese
854 2185 974 2248 attollit.
1012 2190 1111 2252 Porro
1134 2191 1232 2252 interis

171 2248 231 2300 tres
246 2243 410 2331 petitiones
429 2267 536 2334 magna
555 2269 600 2318 est
618 2258 743 2320 affinitas
763 2272 794 2320 et
811 2261 989 2326 similitudo:
1013 2269 1193 2330 sanctificatio
1208 2287 1233 2326 cu

171 2318 299 2378 uoruruis
317 2320 384 2382 Dei
401 2345 469 2386 cum
489 2330 551 2392 eiua
575 2353 671 2418 reguo
690 2357 809 2417 :emper
827 2339 987 2402 coniuncta
1009 2356 1072 2420 est,
1100 2358 1129 2406 et
1146 2345 1222 2426 praeci

171 2388 301 2485 eirudena
322 2400 407 2482 regui
448 2406 544 2468 arsin
564 2408 622 2471 boc
641 2412 697 2474 sita
716 2425 777 2488 est,
802 2426 836 2478 ut
860 2415 910 2476 flat
930 2417 990 2480 eiu:
1009 2420 1150 2484 volontas.
1184 2421 1218 2480 lle

172 2486 303 2558 qursquu
324 2422 486 2558 expendet,
504 2498 646 2560 quantum
664 2492 702 2550 sit
721 2503 855 2551 nostrum
876 2491 983 2575 frigus,
1003 2509 1165 2578 quantaque
1181 2499 1230 2576 igue

171 2564 204 2605 an
225 2549 360 2626 optandis
380 2554 468 2616 rebus
488 2561 621 2624 omnium
640 2566 779 2640 maximis,
798 2588 919 2660 quarum
940 2571 987 2637 hic
1006 2587 1076 2636 vota
1094 2575 1226 2638 nobisdirt

170 2629 231 2695 tur,
252 2623 325 2688 nihil
345 2625 393 2688 bic
412 2651 623 2710 supervacuum
642 2659 705 2702 esse
725 2641 881 2717 fatebitur,
906 2647 958 2708 sed
983 2649 1038 2710 tria
1060 2672 1133 2730 quae
1150 2667 1221 2734 petuo

170 2695 243 2756 utile
263 2698 367 2777 luisse,
390 2703 431 2765 sic
452 2708 599 2794 distingui.
638 2717 828 2798 Suncrssscnri
845 2720 904 2781 Del
925 2739 1034 2786 nomen
1055 2728 1127 2788 nibil
1149 2727 1210 2788 aliud

171 2791 258 2850 quarn
277 2795 360 2836 auum
379 2778 448 2844 Deo
468 2783 570 2848 baberi
590 2789 746 2870 bonorem,
766 2818 826 2887 quo
847 2797 951 2890 diguus
972 2815 1027 2876 est,
1046 2817 1079 2865 ut
1098 2827 1223 2886 nunquan

95 2867 106 2886 ⁶
171 2849 237 2911 iao
269 2850 430 2930 loquantur
458 2860 504 2920 vel
537 2867 670 2948 cogitent
702 2869 835 2936 bomrncr
866 2895 930 2936 arne
960 2899 1074 2942 summa
1104 2881 1228 2942 veneratio

202 2925 249 3016 uic
268 2931 432 3025 opponitur:
450 2937 578 3002 eiusdem
599 2945 728 3009 nominis
748 2949 930 3029 profanatio:
972 2977 1042 3016 uum
1060 2958 1167 3020 scilicet
1176 2957 1210 3018 ιεΙ

172 3015 274 3062 nurtur
293 3025 355 3068 erus
372 3025 517 3091 marcatas,
536 3017 583 3079 vel
602 3021 698 3084 minua
716 3039 888 3094 reverenter
906 3040 939 3090 et
951 2975 1117 3096 honorilice
1136 3057 1206 3116 quau

172 3090 255 3138 retur
285 3101 346 3144 earo
372 3083 507 3152 homines
531 3097 703 3174 suspiciunt.
741 3101 837 3164 Porro
870 3105 982 3196 gloria,
1014 3131 1072 3189 qua
1094 3111 1229 3174 aanctibcat

170 3153 241 3246 ipde
261 3172 361 3220 manat
379 3176 410 3224 et
428 3167 548 3245 pendet,
568 3193 659 3252 quum
678 3180 849 3258 agnoscitur
867 3194 947 3244 rnter
966 3183 1099 3248 homines
1112 3185 1223 3266 eiuasapl

158 3241 222 3306 ιιι,
240 3231 370 3314 bouitas,
388 3239 508 3320 iustitia,
526 3251 670 3326 potentia,
690 3265 721 3313 ει
740 3257 879 3335 quicquid
898 3259 928 3320 in
950 3279 985 3320 eo
1005 3274 1050 3324 est
1068 3267 1206 3326 virtutum:
1227 3282 1235 3318 ⁵

171 3311 249 3370 enirn
268 3311 337 3374 Deo
355 3319 494 3382 canctitas
512 3342 630 3405 semper
648 3327 727 3391 intua
747 3345 873 3408 constat,
891 3336 943 3396 aed
964 3357 1027 3398 eam
1049 3343 1150 3420 partim
1166 3361 1207 3402 sua

169 3383 232 3444 litia
254 3397 285 3445 et
304 3393 445 3468 pravitate
471 3395 604 3462 homiues
629 3402 804 3480 obscurant,
829 3411 936 3490 partim
959 3415 1102 3500 sacrilego
1128 3429 1224 3480 conten

169 3460 281 3553 yiolaut
300 3475 330 3522 et
349 3467 495 3545 polluunt.
532 3475 614 3558 Ergo
634 3501 745 3542 aemma
762 3484 845 3546 buius
856 3488 1009 3567 petitionis
1021 3508 1076 3568 est,
1088 3506 1121 3556 ut
1131 3495 1183 3556 Dei
1196 3493 1232 3588 5¹0

168 3560 199 3598 ιιι
219 3538 334 3616 mundo
354 3543 500 3622 reluceat,
523 3563 555 3612 et
573 3555 664 3633 qualis
685 3569 729 3620 est
747 3558 916 3624 celebretur
934 3566 1014 3630 inter
1033 3569 1170 3634 homines.
1206 3570 1235 3628 ll

169 3621 266 3676 autem
286 3617 397 3695 optime
416 3622 497 3706 viget
515 3647 587 3707 pura
607 3631 660 3694 reli
683 3634 728 3708 ἰο,
753 3657 843 3717 quum
865 3637 1014 3720 homines,
1038 3648 1171 3740 quicquid
1187 3644 1234 3704 all

169 3689 334 3770 profectum
355 3707 412 3773 est,
432 3714 546 3764 rectum
566 3719 596 3768 et
616 3654 779 3789 laudabile,
803 3714 933 3782 iustitiae
953 3732 984 3784 et
1002 3737 1159 3804 sapreutrae
1192 3721 1226 3780 len

170 3785 233 3828 esee
251 3778 407 3832 statuunt·
421 3775 497 3840 Nam
516 3779 586 3844 binc
604 3784 648 3858 fic,
668 3800 702 3848 ut
721 3800 752 3848 et
769 3791 892 3854 verbum
913 3796 974 3858 eius
994 3821 1049 3878 pro
1067 3801 1135 3864 fidei
1152 3745 1211 3860 oisc

167 3841 396 3923 amplectantur,
422 3864 453 3914 et
476 3857 614 3920 omnihus
639 3862 751 3941 placitis
776 3879 807 3927 et
835 3871 975 3950 operihua
999 3878 1189 3956 acquiescant:

168 3921 367 4011 eumquau
387 3925 445 3988 Dei
464 3931 555 4018 verbo
576 3933 735 4002 deserimus
754 3945 803 4022 (ut
823 3945 893 4008 dicit
912 3948 1039 4014 loannes
1057 3960 1093 4029 3,
1115 3955 1188 4030 3³),

165 3994 342 4076 aubacrrptro
363 4013 407 4061 est
426 4025 483 4083 qua
502 4018 653 4088 testamur,
672 4015 770 4082 Deum
790 4041 853 4082 esse
873 4043 1017 4106 veracem,
1035 4030 1119 4092 sicuti
1137 3971 1234 4090 incrclu

166 4083 210 4134 tar
239 4085 273 4134 et
295 4086 482 4160 contemptus
508 4086 593 4146 verbi
618 4089 680 4152 eius
704 4096 874 4176 gravissima
901 4121 968 4164 eum
995 4105 1168 4170 contumelia
1189 4101 1225 4162 all

165 4149 229 4212 Iam
248 4148 389 4230 ridemur,
409 4177 495 4236 quam
515 4162 636 4304 maltpni
654 4167 715 4258 sint
734 4171 868 4266 plerique
885 4197 1009 4270 openuu
1019 4183 1231 4247 Deiaeatimator

165 4237 197 4290 et
217 4237 355 4321 quantam
376 4231 564 4302 obtrectandr
594 4254 731 4308 :canuam
750 4249 806 4310 arb:
826 4265 1014 4332 pcrrnrttant:
1033 4258 1058 4320 ai
1075 4279 1204 4339 quosnos

166 4315 295 4391 cuugat,
315 4304 502 4397 obstrepunt,
521 4331 695 4403 queruntur,
715 4323 955 4412 obmurmurant,
974 4334 1022 4400 alii
1039 4335 1162 4402 ctiamin
1176 4350 1219 4417 apt
