2502 4854
155 211 218 286 aaa
418 203 572 273 mento
590 205 628 271 x.
665 205 760 275 mu
778 221 821 271 rr
840 182 1026 280 nnumin

156 351 310 419 &batem
334 349 383 414 bie
405 351 524 433 pennu
544 349 722 434 abreflxtem
748 369 811 417 ease
841 362 966 442 pulsan,
992 371 1079 432 quun
1104 349 1238 443 amplat&

157 429 265 494 eluceat
284 427 434 508 Christus,
466 429 598 508 quonam
622 427 661 490 sit
682 440 782 491 rectus
805 427 883 493 illrus
903 451 980 490 usus
1026 427 1096 490 Nam
1114 425 1238 508 emperie

156 517 226 572 ante
244 505 382 580 asseruit,
411 505 526 570 sabbati
550 525 584 568 se
602 524 721 599 qunque
747 525 809 568 esse
830 503 998 578 donnum,
1028 503 1149 566 nondum
1169 517 1237 567 nnn

156 581 315 645 advenerat
334 592 479 645 maturum
498 582 701 665 abrogationes
719 594 849 664 tempus,
873 578 941 662 quia
962 580 1056 647 velum
1077 581 1166 662 templi
1186 602 1236 640 nno

157 659 226 725 lum
244 659 365 722 scissum
385 670 456 722 erat

196 893 279 976 (99.)
319 891 491 958 ΜΑΤΤΗ.
512 891 579 958 xn
621 893 722 958 Me
742 913 929 979 prosp-essue
947 889 1042 958 illine
1059 893 1142 958 venit
1162 892 1244 972 lurp,

154 1014 311 1083 negogam
332 991 470 1058 illenim.
524 991 573 1056 tn.
606 991 648 1056 Et
669 1013 746 1056 eece
773 993 872 1059 bomo
904 1003 975 1058 erat
1005 1011 1127 1056 menum
1152 987 1244 1076 babens

156 1095 292 1174 aridam,
321 1103 353 1160 et
379 1087 622 1178 interrogabant
655 1089 745 1157 illurn
775 1093 936 1173 dicentes,
975 1093 1107 1158 Licetne
1137 1089 1244 1182 rattrud

155 1217 286 1275 acme,
313 1205 348 1260 nt
373 1203 564 1260 aeousment
585 1215 667 1260 suma
714 1193 905 1262 statne
928 1193 1007 1262 dixit
1028 1197 1090 1272 eis,
1110 1191 1181 1279 Quis
1201 1185 1244 1256 criti

155 1317 194 1364 ex
212 1293 309 1362 vobis
330 1295 443 1372 hemo,
470 1297 526 1381 qni
554 1292 687 1359 babebit
708 1315 803 1360 ovem
830 1315 942 1374 unam,
972 1297 1054 1360 etsi
1075 1315 1112 1358 ee
1130 1290 1240 1358 indderl

153 1377 291 1466 sabbato
313 1397 348 1463 in
369 1393 512 1475 foveam,
538 1415 649 1462 nenne
673 1393 896 1482 apprehendet
916 1415 1000 1476 eam,
1021 1403 1055 1460 et
1075 1395 1179 1480 eriget?
1209 1387 1241 1454 11.

154 1500 289 1586 Quanto
309 1499 405 1583 igitur
423 1497 638 1583 praestantior
660 1507 710 1562 est
729 1495 828 1565 borno
846 1489 937 1564 ovet¹
948 1497 1042 1564 Licet
1057 1497 1146 1582 igitur
1161 1491 1244 1584 sabba,

153 1604 194 1668 tis
211 1599 417 1666 benefacere.
461 1597 511 1662 13.
530 1597 626 1662 Tunc
637 1595 716 1662 dicit
729 1597 860 1676 bomini,
880 1597 1028 1664 Extende
1050 1617 1167 1662 namn
1177 1607 1244 1660 nam

153 1703 284 1771 lsvero
306 1697 459 1774 extendit,
482 1717 520 1762 sc
541 1699 684 1762 restituta
707 1705 755 1763 est
774 1700 910 1778 sanitati,
930 1696 1138 1764 sicut'altera
1243 1727 1244 1736 ¹

234 1832 444 1900 Manent
488 1831 517 1896 1.
538 1831 581 1896 Et
601 1833 746 1897 introivit
766 1835 882 1899 iterum
904 1837 937 1899 in
959 1851 1159 1919 synagogam,
1175 1839 1199 1895 et
1211 1825 1244 1904 tn

154 1943 223 2020 erat
242 1933 341 2001 bomo
354 1931 526 1998 arefactam
542 1929 665 1998 babens
680 1953 818 2000 manum.
858 1933 887 2000 2
909 1935 951 2000 Et
968 1929 1176 2000 observabant
1189 1915 1244 2006 cnnl

154 2061 196 2106 an
216 2035 361 2105 sabbatis
380 2044 551 2100 sanaturus
573 2043 658 2106 esset
681 2033 790 2111 illurn,
808 2045 845 2104 ut
863 2050 1057 2106 emanarent
1077 2059 1154 2104 eum.
1184 2031 1240 2098 :tn

154 2143 200 2222 ait
218 2138 342 2204 bomini
363 2131 497 2198 babenti
515 2154 644 2200 manum
666 2135 857 2216 arefactam,
883 2139 987 2225 Surge
1004 2141 1044 2206 in
1062 2137 1196 2204 meditem.
1221 2129 1240 2195 1

152 2236 195 2308 Et
217 2236 294 2306 dicit
315 2235 388 2315 illis,
408 2235 524 2302 Utrum
545 2234 622 2300 iicet
642 2233 784 2302 sabbatis
796 2234 991 2306 benefacere
1014 2261 1056 2306 an
1073 2233 1241 2305 malefacere?

154 2344 291 2410 animam
313 2359 442 2407 servare
462 2359 504 2404 an
528 2331 698 2406 waslero?
730 2335 832 2404 atilli
860 2339 1017 2416 tacebant,
1068 2343 1097 2412 5.
1121 2339 1158 2408 Et
1174 2355 1244 2432 quun

82 2464 85 2474 ·
154 2441 429 2526 circumspexisset
449 2437 524 2504 illes
545 2459 617 2502 mnu
638 2439 815 2516 nements,
830 2441 1071 2508 coadulescens
1089 2461 1179 2527 snper
1193 2435 1244 2501 coel

154 2547 249 2610 citate
272 2539 379 2608 cordis
400 2537 541 2618 illorum,
562 2537 640 2604 dicit
661 2537 793 2620 homini,
813 2539 961 2608 Extende
982 2565 1112 2609 suanum
1132 2553 1207 2616 tuan,
1222 2527 1244 2602 etl

153 2641 311 2712 extendit:
332 2652 365 2708 et
385 2641 531 2708 restituta
552 2650 600 2706 est
620 2641 747 2706 sanitati
764 2663 877 2710 manus
898 2644 979 2723 eins,
1003 2657 1041 2714 ut
1062 2643 1162 2712 altera
1243 2677 1244 2738 p

234 2773 338 2844 LUC.
359 2775 416 2842 Vi.
459 2775 489 2840 6.
509 2773 644 2840 Factum
667 2783 842 2840 stantem
865 2787 898 2842 et
922 2781 958 2846 in
987 2777 1055 2846 aiio
1084 2759 1244 2852 sabbatnutl

151 2883 287 2950 intraret
306 2879 341 2942 in
362 2897 576 2962 synagogam,
603 2897 641 2940 ac
667 2795 815 2957 disceret,
842 2889 875 2944 et
896 2891 966 2947 erat
985 2879 1034 2948 ibi
1061 2881 1165 2955 borne,
1182 2875 1242 2940 eun

151 3001 265 3050 manus
285 2975 395 3043 dextre
416 2987 485 3042 erat
503 2975 601 3040 arida.
645 2979 674 3041 7.
694 2976 926 3046 Observabant
943 2993 1050 3046 autem
1069 3003 1137 3047 enm
1147 2973 1242 3043 scribes

49 3109 57 3126 ⁸
152 3105 191 3150 ac
210 3080 385 3157 Pharisaei,
413 3100 454 3144 an
482 3081 516 3142 in
541 3075 678 3142 sabbate
705 3091 875 3147 sanaturus
905 3093 1003 3162 esset,
1037 3093 1073 3148 nt
1100 3081 1241 3148 invenirent

152 3183 240 3252 unde
269 3189 458 3259 accusarent
492 3201 575 3246 eum.
630 3179 662 3246 8·
696 3179 769 3264 ipsa
802 3203 883 3248 vero
916 3181 1042 3250 sciebat
1075 3184 1242 3269 coplatione

152 3305 280 3363 eornm,
299 3292 333 3347 et
354 3283 398 3346 eit
419 3279 556 3358 bomini,
577 3281 633 3366 qui
654 3278 797 3346 babebat
815 3303 942 3348 menum
959 3284 1100 3364 aridam,
1115 3283 1241 3368 singen

151 3395 200 3456 sta
220 3387 255 3450 in
275 3379 401 3448 medie:
422 3378 479 3446 ille
500 3401 580 3446 vero
606 3401 741 3468 surgens
763 3385 858 3448 stetit
899 3385 929 3449 9.
950 3385 1006 3450 Ait
1025 3385 1122 3474 igitur
1139 3383 1174 3448 ad
1192 3375 1240 3442 illu

150 3487 256 3561 lesus,
282 3479 493 3566 interrogabo
515 3502 591 3558 ves,
617 3491 724 3546 utrum
750 3479 828 3550 lieet
852 3481 997 3552 sabbatis
1023 3485 1240 3554 benefacerent

150 3582 359 3662 malefacere,
393 3581 532 3644 animam
564 3603 695 3667 servare
723 3603 764 3646 an
793 3583 950 3668 perdere?
998 3587 1049 3653 10.
1082 3587 1124 3652 Et
1145 3586 1242 3648 cnam

150 3687 270 3774 spectis
296 3679 446 3747 omnibus
470 3679 551 3761 illis,
579 3677 657 3748 dixit
682 3681 819 3763 homini,
852 3685 998 3754 Extende
1027 3707 1151 3754 manum
1175 3693 1241 3746 tuan.

150 3785 212 3856 llle
247 3793 353 3850 autem
389 3781 480 3852 fecit:
511 3793 544 3848 et
569 3786 714 3848 restituta
750 3796 798 3851 est
827 3807 939 3856 munus
967 3791 1038 3856 eius
1069 3809 1157 3866 sana,
1186 3782 1242 3846 sicu

151 3887 262 3954 altere.
1243 3973 1244 4012 1

226 4031 331 4094 Maean
350 4037 379 4095 ll.
427 4030 479 4090 Aa
504 4051 678 4107 pregnans
705 4033 796 4094 illine.
846 4033 931 4098 Idem
954 4047 1001 4098 eet
1029 4037 1111 4100 hum
1138 4025 1242 4094 blaten*

150 4133 267 4200 scopus,
286 4107 338 4189 qui
357 4107 520 4188 proximae:
545 4126 653 4188 nempe
676 4110 787 4174 scribas
811 4111 958 4176 malitiose
980 4113 1012 4174 in
1038 4113 1093 4176 boc
1118 4111 1192 4174 tuisse
1211 4101 1242 4160 lt·

148 4201 268 4264 matos,
305 4195 338 4248 ut
373 4185 403 4245 in
433 4181 609 4248 calumniam
640 4200 781 4268 raperent
810 4189 951 4268 quiequid
983 4190 1073 4252 fiebat
1101 4210 1120 4248 a
1142 4181 1241 4246 cerate,

147 4266 279 4346 ideoque
299 4283 361 4323 nun
379 4279 444 4322 ease
458 4261 580 4352 mim,
597 4262 623 4322 si
642 4262 843 4343 implacabiles
862 4267 925 4328 eius
943 4265 1042 4332 bones
1060 4265 1172 4332 neue
1188 4269 1244 4334 th

147 4361 216 4406 nm
232 4339 326 4405 asini
342 4339 389 4402 sic
404 4338 547 4424 paritate
563 4337 668 4403 solani
686 4353 781 4408 unas.
815 4343 1092 4422 tumeries-ue.
1103 4339 1157 4404 lu
1173 4333 1244 4416 type}
