2522 4852
172 241 252 318 srt'
339 247 492 312 SECTIO
511 247 565 308 iv.
604 248 681 310 taso
695 261 884 310 nsansuos
903 261 945 312 sn
965 263 1136 312 renam.

821 393 941 455 rodunt.
978 395 1043 456 Nee
1065 414 1133 458 sane
1149 394 1196 458 aiia
1210 395 1249 458 nt

175 484 235 547 est,
260 493 313 532 eur
336 484 397 532 tam
422 469 606 551 impotenter
629 482 777 553 grassetur
795 413 904 546 istan,
931 483 962 532 et
984 471 1090 553 passim
1113 485 1166 532 tam
1186 471 1249 540 nuit

175 548 312 630 abripiat,
332 547 388 608 nisi
408 547 477 629 quia
497 566 602 608 eornm
621 547 764 630 ignaviam
784 559 816 607 et
834 547 917 609 verbi
936 549 982 609 sui
1002 560 1192 640 contemptum
1207 549 1249 630 Dar

175 625 334 686 ulciscitur.
372 625 459 684 Nono
479 623 682 685 excutiendum
703 623 790 684 nobis
810 634 855 686 est
874 623 965 685 Moris
983 625 1250 934 testimoninm&

176 395 283 457 Satara
307 392 493 475 iugulentur,
517 393 565 454 oui
591 413 623 456 se
647 395 776 454 inermes

176 701 311 762 Christos
337 699 408 762 citat
425 699 530 778 (Dent.
549 705 579 774 8,
603 701 657 778 3.).
695 701 784 760 Falso
811 699 929 780 quidam
953 701 989 761 ad
1014 701 1218 796 spirituatemr

175 779 370 858 detorquent,
394 775 461 838 aosi‘
478 776 587 837 dietorn
612 788 704 852 esset,
727 775 839 836 animas
865 796 927 837 oon
951 777 990 837 ali
1008 777 1113 840 vuibili
1136 797 1214 857 pane,

174 853 234 915 Dei
252 852 354 915 verbo.
393 852 447 912 Est
465 853 495 912 id
513 853 632 932 quidem
651 853 682 914 in
702 872 734 914 se
752 872 872 930 verum,
890 854 943 914 sed
962 853 1022 914 alio
1047 855 1170 934 respexit
1185 855 1210 912 Μ

97 963 103 972 ·
176 951 243 993 nam
263 951 353 1011 quum
373 927 469 989 nulius
489 931 525 989 ad
543 951 662 990 manum
682 941 759 990 esset
777 929 874 1009 panis,
899 942 1112 991 commemorat
1128 931 1189 989 Man
1206 929 1250 992 tuis

176 1005 437 1068 extraordinarium
457 1003 626 1067 alimentum
648 1005 771 1086 popolo,
790 1016 824 1066 ut
844 1006 902 1066 boc
920 1007 1099 1067 documento
1118 1017 1234 1066 testatum

176 1102 266 1145 omne
288 1095 405 1162 tempos
428 1081 530 1157 tieret,
553 1082 705 1143 hominum
729 1083 819 1143 vitam
838 1101 901 1144 non
926 1101 990 1144 esse
1012 1082 1150 1143 inclusam
1167 1083 1193 1142 in

175 1160 228 1222 sed
248 1159 414 1240 penderes
434 1170 507 1218 notu
528 1170 559 1219 et
582 1157 769 1238 heneplacito
788 1159 857 1218 Dei.
895 1158 999 1239 Itaque
1024 1157 1137 1218 ortu
1160 1179 1210 1218 oon

176 1235 311 1297 doctrina
336 1235 468 1315 capitor,
490 1234 542 1296 sed
566 1255 623 1315 pro
647 1237 769 1296 decreto
792 1233 874 1314 qood
898 1235 980 1295 Deus
1005 1235 1175 1314 publicavit,
1199 1255 1228 1313 qo

175 1313 318 1373 tuendum
348 1322 470 1372 naturae
501 1311 637 1373 ordinem
667 1322 698 1372 et
729 1310 869 1371 fovendas
899 1321 1056 1372 ematurat.
1095 1312 1190 1371 Neue

176 1389 315 1450 conditos
334 1409 351 1449 a
369 1407 402 1448 re
421 1385 556 1450 homines
574 1387 692 1463 abiicit,
715 1387 768 1448 sed
788 1407 824 1448 ea
843 1385 909 1470 iege
929 1389 1017 1448 vitam
1036 1387 1094 1448 iilis
1114 1333 1232 1456 iniundit,

123 1513 126 1520 ,
176 1465 268 1528 semel
288 1465 384 1526 Dtam
407 1464 519 1524 assidue
545 1467 695 1526 sustineat.
734 1464 786 1524 Sic
805 1463 876 1524 dicit
893 1461 1057 1544 Apostolus
1075 1465 1177 1555 (Deir.
1193 1457 1252 1538 mi

177 1543 278 1604 omnia
295 1540 433 1602 sustineri
453 1541 570 1620 potenti
589 1541 652 1601 eius
671 1538 779 1600 verbo:
800 1539 859 1600 hoe
879 1552 937 1613 ert,
955 1553 1088 1622 vegetari
1107 1551 1192 1600 totum
1208 1555 1252 1596 nur

176 1619 263 1694 dom,
287 1629 318 1678 et
339 1616 468 1710 singulas
491 1617 555 1679 eins
579 1629 677 1697 partes
700 1617 730 1675 in
755 1637 809 1676 roo
835 1635 954 1676 manere
976 1629 1055 1678 statu
1085 1627 1154 1678 notu
1179 1616 1226 1674 eius
1245 1631 1252 1672 ι

176 1695 317 1769 decreto,
346 1715 427 1754 corus
455 1693 590 1773 potentia
616 1712 729 1754 sursum
759 1704 791 1752 et
815 1692 952 1753 deorsum
983 1693 1094 1774 ubique
1122 1689 1253 1766 diffundite

178 1771 356 1852 Quanquam
376 1789 450 1851 ergo
470 1789 546 1850 peoe
565 1769 720 1844 vestimur,
739 1789 801 1829 non
821 1781 919 1829 tamen
939 1769 1021 1849 panis
1040 1769 1140 1830 virtuti
1156 1777 1253 1844 acceptat

176 1850 256 1909 ierre
275 1848 363 1908 vitam
389 1845 493 1920 decet,
514 1846 567 1907 sed
592 1865 715 1906 aroenae
739 1845 867 1928 gratiae,
890 1865 978 1926 qnam
1003 1846 1075 1925 pani
1092 1845 1170 1905 Deus
1190 1845 1253 1914 adst

176 1922 339 2008 paseendos
358 1921 491 2002 inspirat.
531 1922 620 1983 Unde
639 1923 726 1983 etiarn
743 1921 867 1983 aiterum
879 1921 1021 2002 requitur,
1032 1921 1140 1996 Deum,
1157 1922 1199 1999 qui
1215 1935 1253 2002 ors

198 2021 255 2062 sne
279 2003 372 2060 utitur
397 2001 426 2058 io
453 2009 587 2058 nostrum
613 1999 799 2072 alimentum,
827 1997 928 2071 aliter,
953 2000 1071 2076 quoties
1095 1999 1179 2059 visum
1200 1995 1253 2054 tuen

176 2025 312 2140 istorum
336 2087 370 2136 ot
392 2075 528 2135 vivamus.
566 2076 642 2136 ltem
668 2075 722 2136 hae
740 2075 832 2138 Moris
857 2075 1005 2135 sententia
1029 2074 1177 2135 damnatur
1197 2068 1254 2158 corti

176 2167 290 2236 stupor,
331 2151 416 2212 uibus
435 2152 569 2212 saturitas
589 2163 621 2210 et
639 2151 816 2212 abundantia
834 2171 890 2232 pro
910 2152 967 2212 vita
987 2164 1040 2212 est.
1079 2149 1188 2210 Deinde
1203 2161 1254 2232 coro¹

176 2233 258 2315 gitur
277 2229 305 2290 di
340 2227 439 2289 dentis
459 2239 490 2288 et
509 2249 595 2308 prava
615 2228 801 2302 sollicitudo,
826 2247 900 2308 quae
923 2247 981 2290 nos
1003 2227 1039 2287 ad
1087 2225 1216 2288 uaereodr
1230 2223 1254 2280 it

177 2311 236 2370 cita
255 2305 351 2367 media
370 2303 504 2385 impetiit.
541 2304 643 2384 Atque
668 2305 725 2366 huc
749 2306 871 2385 proprie
896 2303 1032 2388 dirigitur
1053 2305 1079 2366 (s
1104 2303 1160 2364 risti
1179 2313 1254 2378 respot

175 2405 254 2447 roms
284 2383 326 2443 sic
350 2381 490 2442 devicto
515 2391 546 2440 et
562 2381 690 2460 reliquis
714 2381 876 2460 praesentis
899 2382 976 2442 vitae
1000 2381 1136 2442 subsidiis
1158 2375 1233 2438 ideud

175 2481 239 2522 esre
249 2459 332 2535 Deo,
352 2477 391 2517 ne
410 2458 562 2536 quisquam
582 2469 716 2518 nostrum
736 2457 927 2592 praeserfftrs
945 2457 1038 2518 abeo
1055 2389 1255 2586 menstra-si&

177 2536 295 2612 Quodsi
327 2553 432 2614 panem
464 2553 498 2593 es
526 2531 670 2614 tepidibus
700 2544 817 2614 praeter
880 2535 907 2594 ei
938 2534 1123 2607 mundatum,
1158 2527 1244 2614 eoofi⁴

176 2613 312 2674 Christos
332 2608 414 2668 nefas
434 2628 496 2670 esse
516 2608 613 2682 duxit,
633 2609 726 2670 multo
746 2610 842 2671 minus
862 2629 897 2670 ex
916 2610 1083 2688 fraudibus,
1102 2607 1212 2692 rapinis,
1226 2617 1255 2662 nt

174 2688 283 2763 tentia,
301 2683 439 2748 caedibus
458 2685 567 2747 vietum
588 2705 689 2766 parare
708 2687 787 2748 lieet.

217 2932 302 3016 (32)
348 2931 522 2999 ΜΑΤΤΗ.
546 2933 603 2998 Ν.
652 2933 681 2998 d.
714 2933 809 2998 Tunc
837 2938 967 3000 assumit
993 2955 1067 3002 enm
1097 2929 1228 3003 diabolus
1246 2925 1255 2988 i

175 3045 319 3108 sanctem
341 3035 514 3112 civitatem,
541 3043 573 3100 et
599 3034 710 3101 statuit
735 3055 807 3100 eum
834 3056 933 3122 super
953 3037 1160 3123 pinnaculum
1178 3023 1255 3114 templi

174 3138 205 3204 ts
236 3136 390 3224 Dicitque
404 3133 480 3212 otti,
507 3135 543 3201 Si
563 3133 668 3200 Filius
697 3155 732 3200 es
756 3134 837 3215 Dei,
871 3141 1049 3225 praecipita
1079 3150 1112 3206 te
1140 3137 1255 3204 desum

149 3283 152 3290 =
174 3239 327 3325 scriptum
350 3243 400 3300 est
421 3238 519 3312 onim,
545 3233 677 3320 Angelis
697 3237 764 3300 suis
784 3227 951 3304 mandabi
973 3237 1015 3304 de
1037 3247 1086 3322 te',
1107 3248 1138 3305 et
1157 3228 1255 3302 manibt

174 3337 295 3405 tollent
321 3347 367 3414 te,
401 3357 443 3400 ne
471 3334 603 3422 quando
630 3337 786 3424 impingas
816 3338 857 3404 ad
885 3337 1027 3427 lapidem
1064 3340 1177 3428 pedem
1200 3345 1255 3398 suun

175 3439 205 3504 7.
226 3437 318 3501 Dixit
337 3432 387 3498 iili
409 3437 507 3514 Iesus,
527 3437 668 3502 Rursum
688 3442 840 3525 seriptum
860 3451 917 3521 eet,
936 3441 1014 3508 Nou
1033 3439 1172 3508 tentabis
1188 3435 1255 3498 Doti

173 3557 251 3603 num
272 3535 379 3600 Deum
405 3545 502 3600 tuom.
544 3537 574 3602 8
594 3539 734 3604 Rursum
756 3543 888 3606 assumit
909 3564 981 3607 eum
1000 3539 1151 3608 diabolus
1168 3540 1197 3604 in
1206 3545 1255 3596 111⁰!

173 3648 240 3704 tem
262 3633 422 3702 excelsum
442 3635 553 3718 valde,
580 3647 614 3703 et
634 3651 863 3707 commonstrat
885 3645 917 3708 ei
939 3647 1046 3708 omnia
1067 3663 1165 3728 regna
1182 3623 1255 3701 mund

174 3749 209 3804 et
227 3735 364 3823 gloriam
380 3734 527 3805 illoruma
554 3742 584 3806 9.
604 3739 647 3804 Et
664 3740 744 3806 dicit
762 3739 829 3820 iili,
851 3743 944 3810 Haec
964 3747 1073 3810 omniu
1089 3741 1148 3809 tibi
1161 3733 1255 3810 daton

172 3845 352 3924 prostratus
371 3836 559 3904 adoraveris
580 3861 640 3904 sne.
682 3841 733 3905 1⁰.
754 3841 849 3907 Tunc
870 3841 949 3910 dicit
970 3843 1019 3910 iili
1040 3846 1143 3922 lesos,
1162 3829 1255 3904 tibist

173 3947 264 4003 tana:
285 3938 437 4024 scriptum
460 3948 507 4003 est
529 3941 629 4016 enim,
649 3937 825 4007 Dominum
846 3941 954 4008 Deum
976 3955 1064 4010 tuum
1086 3937 1255 4012 sturmis*

173 4037 267 4104 iilum
287 4037 393 4104 solum
415 4035 515 4106 soles.
549 4039 599 4106 ta.
620 4039 715 4108 Tunc
736 4045 853 4109 omittit
873 4041 965 4110 illum
987 4043 1153 4122 diabolus,
1173 4050 1202 4106 et
1219 4049 1255 4098 eu

173 4137 295 4226 Augeli
316 4149 537 4218 secesserunt,
566 4151 600 4206 et
617 4139 844 4212 ¹ministrabant
867 4146 906 4207 ei.

256 4255 398 4325 Mulie.
419 4257 441 4324 1.
489 4257 540 4326 13.
561 4257 603 4326 Et
624 4257 743 4346 segeti
763 4257 987 4328 ministrabant
1006 4263 1046 4329 ei.

256 4376 359 4443 wc.
380 4377 435 4441 tv.
474 4379 503 4441 ὅ.
526 4377 569 4444 Et
586 4376 737 4444 subduxit
760 4375 851 4445 illum
872 4378 1024 4446 diabotus
1043 4382 1076 4447 in
1095 4385 1255 4445 montone
