2502 4854
139 199 161 246 Χ

139 329 302 413 simpliciter
321 341 437 391 ωτι-ειη
460 327 671 414 Evangelistae,
709 337 809 390 natum
835 347 896 414 esse
921 327 1060 392 Christum
1079 341 1106 392 et
1121 342 1228 390 nomm

140 438 171 488 et
189 423 291 488 mortis
310 422 458 500 victorem,
477 422 525 486 sed
544 422 574 482 in
593 443 677 502 quem
696 421 781 482 finem
797 433 878 484 natus
891 421 988 498 fuerit,
1006 443 1126 504 quorsum
1137 437 1230 486 monuus

41 525 46 534 '
138 519 227 582 fuerit
246 539 279 579 ae
297 499 500 592 resurrexerit,
524 527 554 576 et
574 515 636 597 quis
654 513 719 574 inde
738 511 773 575 ad
790 533 844 574 nos
863 514 959 576 redeat
980 517 1096 592 fructus,
1118 515 1186 576 simui
1200 537 1231 574 er·

138 624 257 696 ponunt.
304 611 370 670 Hoc
388 621 483 670 tamen
507 601 586 668 inter
604 627 654 669 eos
673 624 786 688 quoque
805 617 849 666 est
868 605 1033 684 discrimen,
1059 609 1126 690 quod
1145 607 1230 668 alitro

139 707 168 766 in
189 702 326 766 narranda
345 701 451 765 Christi
469 703 525 764 vita
544 712 573 762 et
594 712 688 762 morte
710 710 775 762 sunt
793 699 929 778 fusiores,
959 702 1005 763 bic
1024 714 1112 763 autem
1129 701 1233 762 nosterir

139 797 314 873 doctrinam,
338 817 392 876 qua
415 807 444 856 ct
468 793 572 860 Christi
590 793 716 856 officium
736 802 766 852 et
784 794 886 856 mortis
903 795 1160 874 resurrectionisqoe
1174 793 1234 854 virtus

140 891 307 974 explicatur,
335 888 423 973 magis
442 888 549 953 insistit.
593 890 660 950 Non
679 896 777 947 tacent
794 884 832 944 iiii
851 889 978 966 quidem,
998 889 1104 951 venisse
1123 889 1236 961 Christum,

140 999 173 1047 ut
190 983 306 1046 salutem
325 982 433 1044 mundo
458 981 591 1058 asierret,
621 993 652 1042 ut
674 977 773 1040 mortis
803 999 869 1041 suae
889 981 1023 1044 sacrificio
1043 981 1133 1042 mundi
1150 982 1237 1060 expiaret

140 1089 267 1160 peccata,
286 1087 317 1137 ut
335 1075 456 1156 denique
474 1095 573 1136 omnes
586 1073 748 1136 Mediatoris
767 1084 860 1153 partes
871 1084 1021 1157 perageret
1035 1074 1239 1155 (quemadmodum

140 1185 169 1233 et
189 1173 309 1232 Ioannes
328 1169 357 1230 in
377 1167 509 1230 historica
528 1168 690 1229 narratione
712 1165 882 1246 aliquatenus
902 1169 1057 1243 versatur),
1076 1167 1121 1230 sed
1138 1165 1239 1240 doctrin,

140 1281 212 1343 quae
231 1260 288 1322 vim
308 1273 340 1321 et
357 1260 482 1324 fructum
501 1261 636 1324 adventus
649 1260 757 1322 Christi
778 1259 861 1320 nobis
881 1260 1066 1337 demonstrat,
1086 1259 1241 1344 iongechriu

140 1355 170 1415 in
192 1355 246 1416 hoc
264 1366 380 1436 apparet
400 1375 482 1436 quam
502 1355 532 1420 im
552 1353 675 1435 reliquis.
713 1355 751 1414 Et
770 1375 856 1434 quum
870 1354 1241 1432 omnihusoommuniterprs

140 1447 263 1530 positum
282 1449 327 1524 sit,
348 1447 491 1510 Christum
511 1447 670 1521 ostendere,
692 1447 803 1527 priores
825 1443 986 1528 iiiicorpus,
1005 1447 1028 1508 si
1042 1445 1243 1528 itsioquiiasrs,

140 1542 171 1601 in
189 1541 312 1602 medium
333 1541 491 1623 proferunt,
510 1543 635 1602 Ioannes
650 1559 720 1601 vero
737 1541 867 1603 animam.
907 1539 1105 1616 Quamobrem
1122 1541 1199 1600 dicere
1212 1557 1244 1598 so·

97 1623 101 1631 ¹
139 1633 197 1710 leo,
218 1635 274 1696 hoc
290 1635 475 1720 Evangeiium
497 1633 603 1698 clavem
624 1652 695 1707 esse,
717 1653 790 1714 quae
808 1632 867 1693 ahie
885 1631 1076 1718 inteihgendis
1093 1635 1190 1694 ianuam
1201 1647 1245 1710 ape·

140 1727 204 1790 riat.
257 1727 391 1810 Quisquis
415 1729 490 1790 enim
511 1727 615 1790 Christi
633 1725 788 1804 virtutem,
814 1737 847 1787 ut
871 1725 918 1787 hic
936 1727 1073 1812 graphice
1091 1733 1244 1808 expresses,

139 1821 276 1896 tenuerit,
288 1823 312 1882 is
325 1841 395 1883 uero
410 1821 523 1882 demum
531 1841 595 1881 cum
605 1819 747 1901 proiectu,
757 1839 828 1901 quae
839 1818 875 1880 ab
885 1819 944 1882 aliis
956 1821 1107 1882 traduntur
1116 1821 1149 1880 de
1157 1815 1248 1889 erhifl

139 1914 352 1995 Redemptum,
375 1914 461 1998 leget.
508 1912 641 1975 Creditur
665 1913 787 1976 loannes
806 1913 862 1974 boc
881 1913 1000 1973 maxime
1022 1913 1141 1974 condiio
1159 1912 1187 1971 ad
1203 1902 1247 1969 sci-¹

140 2007 264 2068 bendum
284 2008 427 2084 adductus,
447 2019 479 2068 ut
497 2005 606 2070 Christi
626 2007 799 2068 divinitatem
819 2017 918 2068 eontra
937 2007 1036 2087 impias
1055 2003 1245 2069 Ebioniseth'e

139 2100 229 2162 rinthi
247 2102 431 2183 blasphemias
450 2112 605 2162 assereret:
630 2100 713 2180 idque
733 2100 869 2162 Eusebius
890 2113 919 2161 et
938 2101 1135 2182 Hieronymus
1152 2120 1179 2158 er
1194 2116 1246 2157 con·

139 2197 219 2256 anoni
238 2208 368 2258 veterum
386 2195 525 2256 renuntia
545 2193 679 2254 referunt.
709 2195 777 2255 'Sed
797 2215 979 2275 quaecunque
999 2193 1040 2254 itti
1059 2205 1129 2254 tunc
1148 2181 1248 2252 suihrnh

141 2288 227 2350 fuerit
246 2289 335 2364 ratio,
366 2289 481 2348 minime
503 2300 596 2347 tamen
616 2287 731 2348 dubium
752 2298 810 2361 est,
839 2287 905 2368 quin
928 2287 1042 2370 longius
1063 2286 1193 2364 Ecclesiae
1206 2295 1247 2342 suat

140 2381 220 2442 Deus
240 2379 424 2463 prospexerit.
465 2381 514 2443 Sic
535 2400 606 2464 ergo
625 2391 748 2462 quatuor
768 2380 952 2464 Evangeiistis
970 2379 1102 2458 dictavit,
1123 2378 1191 2460 quod
1205 2371 1248 2435 sui·

141 2474 255 2551 herent,
286 2488 317 2536 ut
338 2475 490 2537 distributis
509 2474 583 2534 inter
599 2473 675 2554 ipsos
695 2474 819 2555 partibus
839 2495 942 2555 corpus
963 2495 1054 2536 unum
1078 2475 1204 2556 integrum
1218 2465 1249 2524 ‚t

141 2566 274 2629 solueret.
318 2570 402 2630 Nunc
429 2589 499 2654 ergo
520 2567 724 2642 nostrum'est,
756 2579 875 2648 quatuor
894 2567 930 2628 ita
949 2581 1054 2630 mutuo
1074 2568 1147 2628 inter
1164 2585 1239 2626 serso

142 2661 332 2740 coniungere,
370 2673 401 2722 ut
427 2683 479 2723 nos
504 2661 645 2742 patiamur
668 2659 745 2741 quasi
767 2681 827 2721 nno
851 2661 978 2722 omnium
1004 2681 1061 2721 ore
1080 2657 1191 2723 simuld
1224 2692 1237 2703 ν

144 2752 232 2828 Quod
258 2769 389 2834 quartum
415 2755 446 2814 in
463 2756 564 2815 ordine
583 2755 720 2815 loannem
740 2753 883 2831 locarunt,
914 2755 943 2814 in
964 2771 1000 2814 eo
1023 2753 1124 2816 hahita
1143 2752 1191 2812 init
1204 2761 1225 2808 t·
1244 2790 1251 2799 ,ψ

142 2846 234 2928 poris,
253 2869 310 2927 quo
330 2847 493 2928 scripserat,
513 2849 599 2910 ratior
624 2847 672 2908 sed
695 2845 723 2907 in
742 2844 867 2908 tectione
886 2846 1010 2910 diversus
1033 2847 1111 2910 ordo
1130 2845 1221 2914 utilior,
1248 2921 1249 2924 Ἴ

143 2939 249 3000 scilicet
269 2941 342 3022 apud
361 2943 537 3002 Matthaeurn
560 2953 590 3002 et
610 2940 733 3022 reiiquos
756 2939 869 3016 lecturi,
896 2939 1046 3001 Christum
1065 2961 1083 3001 a
1105 2941 1184 3000 Patre
1199 2955 1234 2992 ⁰¹¹*

144 3053 202 3094 esse
231 3033 343 3112 datum,
381 3035 411 3094 in
439 3055 521 3118 quem
548 3036 632 3095 hnem
660 3033 850 3096 manifestatus
877 3033 928 3111 sit,
965 3032 1098 3114 primum
1124 3055 1157 3094 es
1178 3031 1250 3091 1..„

142 3125 287 3190 discamus.
1245 3117 1248 3124 ¹
