2504 4852
149 251 191 314 ts
377 246 490 310 SECT.
510 247 591 310 xtv.
630 261 801 310 mnncuna
819 261 861 309 nr
882 261 1050 311 sermones

153 399 255 484 quibua
295 398 519 462 ammoneret:
538 397 670 462 constan
687 399 822 482 precandi
840 397 934 476 ardor,
953 399 999 462 vel
1015 399 1126 462 edesus
1140 397 1224 482 hogre-
1243 405 1244 468 l

153 491 221 540 scat.
289 477 386 536 ametsi
405 489 500 538 autern
520 477 575 538 hoc
594 477 665 539 vitio
684 497 743 536 uon
762 476 900 540 laboravit
920 477 1054 552 Christus,
1077 475 1244 558 exemplata:

153 577 220 616 men
241 575 293 614 sno
315 573 432 614 monere
451 573 504 613 nos
524 551 629 628 voluit,
652 551 826 612 adminiculis
847 553 991 628 omnihus,
1012 575 1075 634 quae
1091 565 1176 614 mentes
1189 573 1244 618 noi

154 643 225 693 stras
246 630 393 711 expediant
411 628 596 690 abvomnibus
615 629 711 690 mnndi
732 628 850 710 laqueis,
875 628 972 690 sedulo
993 630 1114 690 utendum
1133 650 1190 701 esse,
1206 637 1244 692 rtl

155 706 241 768 soluti
265 706 294 764 in
319 705 429 765 coelum
454 704 586 765 feramur.
625 707 671 765 lld
693 703 749 765 lroc
770 715 864 764 nartem
888 705 1035 786 plurimum
1051 701 1116 766 valet
1133 703 1244 776 solitudtsi

155 795 201 857 ut,
227 783 324 864 quise
344 783 567 864 adprecandnm
591 793 769 862 comparant,
793 783 888 841 Deurn
910 782 1002 844 solum
1023 793 1112 843 mmm
1132 779 1225 840 labente

153 860 242 943 magis
261 858 410 952 evigilent,
429 878 481 918 cor
499 879 580 918 suurn
598 857 747 918 effundant
765 857 795 918 in
815 857 874 920 eius
893 855 999 934 sinum,
1019 881 1047 920 se
1064 859 1130 940 ipsos
1145 857 1225 937 titgu
1243 889 1244 921 i

153 938 209 998 tius
233 945 405 1008 examinent,
450 933 572 1016 denique
600 943 765 1014 reputantes
793 933 846 993 sibi
870 957 935 996 curu
959 935 1023 995 Deo
1049 955 1102 994 esse
1125 933 1244 1014 negotinn¹

155 1033 238 1094 snpra
258 1034 287 1072 se
302 1011 378 1091 ipsos
396 1021 551 1106 assurgant.
590 1011 757 1084 Notandum
771 1021 865 1071 tameo
886 1021 937 1086 est,
957 1029 1016 1070 nou
1033 1009 1110 1071 luisse
1125 1005 1244 1090 legend

154 1109 192 1150 eo
237 1087 380 1157 raefixam,
409 1105 489 1167 quan
510 1087 647 1166 nusquam
670 1087 725 1147 nisi
750 1085 778 1144 in
801 1107 913 1148 secessu
935 1087 1227 1148 murnentanus

154 1109 257 1228 Paulis
280 1165 323 1239 (1.
343 1165 418 1224 Tim.
436 1165 469 1235 2,
492 1161 542 1238 82)
566 1162 671 1241 ubique
693 1161 795 1222 tollere
819 1183 873 1223 nos
894 1163 975 1224 iubet
996 1185 1075 1244 puras
1096 1183 1181 1222 manns
1206 1161 1244 1226 lt,

156 1240 286 1302 Christus
312 1239 370 1320 ipse
395 1239 537 1298 interdum
562 1257 658 1298 coram
678 1237 838 1298 hominibus
856 1237 960 1310 oravit,
986 1239 1042 1299 imo
1061 1237 1132 1298 etiarn
1148 1233 1244 1296 institui,

154 1338 220 1378 suos
239 1315 308 1375 disci
330 1315 404 1388 ulos,
429 1323 462 1373 nt
481 1311 561 1375 simul
581 1313 747 1396 congregati
767 1334 932 1374 cornmnncs
951 1316 1072 1374 interae
1090 1331 1229 1396 preeesem

155 1393 271 1485 nipiant.
299 1337 356 1452 §ted
376 1391 420 1451 illa
440 1389 573 1483 precandi
594 1390 624 1448 in
642 1390 773 1449 ornatibus
793 1391 871 1451 lueis*
884 1391 998 1453 tibertus
1016 1411 1073 1451 nnn
1088 1391 1171 1464 obstat,
1185 1405 1229 1468 pn·

154 1491 248 1532 minus
269 1481 393 1532 secretas
412 1477 495 1544 ettam
512 1487 612 1548 preces
630 1485 682 1526 tuo
702 1477 832 1546 ternpore
849 1468 1029 1540 admisceant

231 1547 279 1606 24.
316 1545 415 1606 Navis
438 1548 501 1604 ium
523 1547 555 1602 in
578 1541 671 1602 medio
696 1547 791 1601 moris
815 1555 891 1604 erat.
932 1541 1016 1604 Hanc
1038 1541 1163 1605 historiam
1181 1547 1228 1601 sna

155 1619 272 1683 loannis
297 1643 327 1682 ca
349 1622 387 1680 ite
412 1641 427 1680 a
450 1641 497 1679 me
524 1619 678 1698 expositam
702 1618 846 1699 reperient
869 1619 1005 1696 lectores,
1029 1618 1140 1700 ideoque
1155 1617 1244 1684 tatem,

155 1697 281 1759 brevior.
323 1643 410 1772 dznod
435 1714 528 1776 passns
551 1705 596 1754 est
619 1693 761 1769 Christus,
789 1695 941 1776 discipulos
957 1717 1025 1758 arros
1042 1698 1146 1758 adressa
1160 1706 1229 1771 trapa

156 1783 228 1836 state
247 1795 310 1850 eum
327 1772 454 1854 periculo
472 1793 526 1852 per
544 1781 654 1852 tempus
673 1770 783 1852 aliquod
806 1771 909 1850 iactari,
930 1772 1036 1834 laetum
1055 1785 1103 1848 est,
1120 1783 1148 1832 ut
1161 1769 1244 1836 atsur

156 1846 209 1912 sibi
234 1871 319 1940 opem
343 1848 431 1930 magis
453 1847 569 1908 attentis
587 1844 686 1908 animis
706 1847 878 1932 exciperent.
917 1849 990 1910 Nam
1010 1848 1154 1909 contrarius
1169 1855 1244 1913 redu,

156 1936 277 1987 surrent
297 1921 410 1985 circiter
428 1924 547 1984 mediam
566 1934 696 1996 noctem,
716 1923 762 1984 vel
785 1924 867 1984 etiam
889 1924 973 2006 paulo
993 1937 1068 1985 ante.
1102 1923 1226 1998 Quarnn

155 2013 216 2062 tem
233 2002 346 2062 demum
366 2001 460 2084 n'gilia
477 2010 593 2082 apparet
608 1999 746 2073 enisus,
766 1998 822 2062 hoc
841 2011 892 2076 est,
910 2001 1002 2063 sitm:
1019 2003 1055 2063 ad
1072 2021 1187 2062 sumum
1200 1998 1244 2055 lt·

155 2078 196 2143 ris
217 2087 284 2140 ante
305 2077 378 2141 lucis
400 2087 545 2160 exortum:
571 2097 633 2140 uon
656 2077 743 2164 magis
766 2098 798 2138 er
819 2098 837 2138 o
856 2077 976 2140 brachiis
1001 2077 1096 2140 luetati
1111 2087 1166 2138 sunt
1178 2091 1244 2140 ren-i

156 2155 264 2236 gando,
294 2175 377 2235 quam
405 2175 504 2215 eorum
528 2151 595 2214 fides
623 2153 780 2214 terroribus
798 2097 914 2214 iusim
937 2175 1081 2216 concussa
1129 2151 1244 2220 Castum,

156 2253 243 2312 quum
262 2230 320 2312 ipsa
339 2231 487 2292 necessitas
507 2230 541 2290 ad
560 2231 743 2310 expetendam
762 2230 886 2312 magistri
897 2232 1085 2311 praesentiam
1099 2229 1232 2290 unium

156 2317 286 2389 urgeret,
305 2307 388 2368 nimis
412 2305 494 2367 crassi
514 2306 567 2365 luit
585 2305 707 2386 stuporis
726 2305 834 2366 turbari
856 2306 914 2366 eius
934 2319 1099 2389 conspectu,
1119 2302 1179 2386 quasi
1193 2319 1244 2379 spe

155 2395 251 2443 etnam
274 2395 355 2445 meet.
401 2383 463 2442 Hac
489 2383 525 2443 de
552 2401 632 2441 cansa
655 2380 724 2440 dicit
749 2384 875 2456 Marcus,
899 2403 951 2442 eor
968 2392 1070 2444 dorum
1087 2382 1160 2444 l'rrisse
1173 2395 1232 2436 nne

156 2471 272 2529 utum,
297 2481 350 2519 nec
366 2462 553 2553 intellexisse
571 2479 659 2537 super
674 2461 818 2550 pantheras
843 2479 907 2550 nam
919 2459 976 2550 jtto
997 2458 1128 2520 miraculo
1143 2455 1193 2516 satit
1204 2471 1244 2524 *a

155 2534 993 2691 aasentias?transnatans?
1008 2532 1180 2693 rme

155 2686 212 2760 rito
236 2687 325 2768 igitur
342 2709 419 2748 nnnc
438 2689 585 2747 damnatur
603 2705 702 2746 eorum
723 2687 865 2761 socordia,
894 2687 970 2780 quod
991 2709 1052 2749 non
1072 2687 1153 2748 statim
1168 2681 1244 2770 allegi,

154 2773 281 2824 mentem
301 2764 380 2824 venit
398 2762 527 2824 coelestis
546 2761 591 2823 illa
610 2762 708 2837 virtus,
727 2763 806 2822 enisu
825 2775 880 2822 tam
899 2764 953 2824 ansi
975 2785 1013 2826 ne
1033 2765 1163 2846 specimen
1178 2755 1244 2839 pult,

155 2839 312 2900 exhibitum
335 2839 423 2900 adhuc
447 2851 513 2899 ante
538 2839 635 2899 oeulos
659 2838 763 2899 versari
786 2839 916 2900 debebat.
990 2863 1071 2902 emm
1129 2839 1186 2896 iden
1203 2837 1244 2904 &al

153 2913 292 2976 tarditatis
312 2935 378 2976 suae
397 2913 477 2996 culpa
494 2915 582 2977 fuisse
602 2916 752 2990 attonitos,
778 2913 843 2995 qnia
862 2937 923 2976 non
941 2917 1013 2992 rite,
1039 2929 1073 2976 ut
1113 2913 1202 2980 trebati
1217 2904 1236 2963 Ἰ

153 2986 294 3074 prioribus
315 2991 373 3053 aliis
393 2991 532 3053 miraculis
550 2985 743 3074 profecerant:
764 2991 813 3052 sed
831 2992 981 3084 praecipue
1002 3015 1018 3053 c
1108 2993 1157 3049 'nr
1170 3001 1237 3046 eunt!

153 3068 289 3144 coecitas,
359 3069 396 3129 od
418 3080 477 3127 tam
500 3067 623 3130 recentis
647 3067 797 3148 spectaculi
820 3089 955 3128 memoria
979 3005 1237 3146 illiillelllldaeralutl

153 3144 249 3226 potius
268 3089 422 3228 quodum
440 3155 567 3205 mentem
586 3163 663 3206 suam
683 3143 876 3224 applicuerant
894 3146 928 3204 ad
946 3145 1168 3206 considerandam
1184 3137 1237 3223 lefl

152 3222 190 3282 ttl
214 3221 370 3297 Deitatcm,
399 3221 478 3282 cuim
502 3221 567 3282 satis
587 3219 691 3304 clarum
712 3241 725 3294 s
745 3217 857 3280 emulum
877 3233 937 3281 emt
954 3241 1061 3302 panum
1078 3216 1237 3296 multiplum

152 3295 220 3358 Dun
244 3309 339 3358 tamen
364 3297 420 3358 suls
439 3297 532 3357 mnis
552 3297 682 3378 exprimit
700 3241 835 3367 adirem,
865 3298 940 3432 praed
962 3309 1024 3356 non
1043 3309 1120 3358 reete
1182 3287 1239 3350 fflll·

152 3371 213 3432 rint
236 3373 344 3432 Christi
369 3373 504 3456 gloriam,
533 3395 604 3454 quae
628 3373 657 3431 ia
680 3373 799 3452 panibus
821 3373 1010 3454 mutiplicatis
1035 3385 1143 3434 ostensa
1178 3369 1238 3424 ueratt

152 3447 255 3510 deiude
273 3469 382 3509 causam
401 3447 509 3530 assigna
552 3449 627 3530 quod
646 3460 828 3522 excaecatum
849 3462 924 3510 esset
941 3469 993 3510 eor
1013 3471 1119 3509 eorum.
1153 3445 1179 3504 ld
1192 3453 1238 3497 snt

153 3539 214 3613 non
241 3523 327 3583 raudo
357 3523 391 3586 ad
419 3461 574 3620 augendam
603 3523 701 3616 eulpae
729 3525 893 3608 'gravitatem
923 3527 1048 3586 additum
1075 3525 1183 3588 nanu,
1208 3507 1238 3602 §ll

154 3611 238 3660 enam
261 3611 293 3658 ut
316 3601 352 3660 de
375 3615 478 3662 mentre
500 3615 615 3663 nostrae
638 3601 708 3661 vitio
735 3601 871 3662 admoniti
891 3615 983 3662 novos
1001 3601 1101 3662 oculos
1118 3621 1132 3658 a
1149 3600 1239 3674 mnu,

153 3679 289 3758 petamus.
328 3678 396 3738 Fuit
419 3691 509 3753 certe,
538 3689 571 3737 ut
590 3699 681 3758 nuper
700 3677 770 3753 diri,
798 3669 881 3738 nimis
900 3679 982 3738 bruta
1000 3675 1166 3760 ignorantia,
1188 3675 1241 3746 ql*

152 3749 320 3888 pplpabilem
341 3753 395 3814 Dei
415 3753 550 3816 virtutem
569 3769 629 3813 non
648 3753 769 3814 sentire:
795 3755 857 3833 quia
879 3763 975 3814 tanen
997 3755 1098 3814 Mem
1115 3740 1240 3832 morial?

193 3840 237 3887 rat
254 3838 346 3889 toturn
365 3829 517 3892 humanum
536 3846 636 3912 genus,
655 3831 718 3890 data
741 3847 828 3909 opera
846 3831 959 3891 llsrcns
978 3828 1121 3890 coecitatis
1139 3825 1240 3906 ruentffll

152 3915 186 3964 ut
204 3905 322 3966 sciamus
341 3925 401 3966 non
419 3929 479 3968 esse
498 3927 615 3981 novum,
635 3904 658 3965 si
677 3905 708 3964 in¹
726 3905 881 3966 manifestis
893 3905 948 3966 nei
968 3927 986 3965 o
1007 3906 1101 3964 eribus
1119 3899 1242 3964 coecufflll

153 3973 295 4055 homines,
315 3982 407 4043 donec
427 4003 548 4063 superne
566 3981 713 4041 illuminati
734 3981 855 4055 fuerint,
881 4001 964 4062 quem
1001 3982 1115 4040 modrnn
1132 3976 1200 4037 etiam
1214 3967 1242 4024 ὦ·

153 4057 236 4118 esbal
254 4061 357 4132 Moses,
378 4056 523 4121 Hactenus
541 4079 601 4118 non
621 4059 698 4118 dedit
715 4057 767 4118 tibi
787 4057 927 4118 Dominus
946 4079 998 4118 eor
1013 4057 1050 4116 ed
1068 4047 1211 4135 intelligeul

153 4133 256 4210 (Deut-
274 4137 320 4208 29,
340 4135 393 4212 4.).
438 4131 609 4216 Quanquam
631 4145 726 4194 antem
755 4136 853 4194 sordis
881 4134 998 4194 nomine
1025 4131 1132 4213 caepim
1159 4131 1211 4186 n⁰l³

152 4208 283 4270 voluntas
305 4211 350 4272 vel
373 4209 527 4272 affectuum
549 4213 643 4285 sedes,
672 4209 720 4271 hic
742 4222 847 4290 nmen,
874 4209 947 4271 sieut
970 4209 1003 4269 in
1026 4207 1076 4267 illo
1098 4203 1177 4269 nost
1196 4198 1228 4256 l⁰t

152 4301 237 4364 quern
255 4283 347 4364 citavi,
366 4305 420 4368 pro
441 4299 539 4351 mente
556 4285 702 4370 accipitur.
