2496 4852
374 257 506 322 orario
525 273 561 326 ns
582 271 708 324 noers
1054 273 1113 340 m

11 417 126 484 exerent,
144 417 176 470 nt
192 405 309 500 seligit
327 404 424 467 earnis
443 403 601 480 lasciviam,
618 415 652 466 ut
670 403 707 469 ad
724 401 971 470 studinmorsndi
988 429 1045 480 nos
1062 411 1112 474 in-

11 485 128 560 lannret,
144 496 179 545 nt
194 483 396 545 testimonium
414 481 454 542 sit
473 481 676 562 poenitentiae
696 494 830 558 nostrae,
871 483 968 556 uoties
987 485 1046 549 Dei
1064 489 1112 550 iu-

10 562 66 622 ticin
83 581 223 652 npgemsar.
261 560 373 652 Sensus
393 577 466 640 ergo
481 556 642 650 verborum
655 556 769 651 Christi
777 571 838 622 est:
889 579 940 622 eus
953 560 1112 642 aliqnando

11 637 136 772 putrent
152 635 218 776 stipil
228 635 476 774 phfumfflw
487 633 662 698 ndehantur
678 654 799 716 periisse
816 633 898 700 hono
910 657 1012 719 opera,
1030 640 1113 722 qnod

25 735 130 776 cunum
148 734 185 776 oc
218 734 252 776 os
286 733 376 798 ugera
654 753 656 758 ,
962 765 965 776 .

40 963 101 1042 (il.)
139 960 314 1030 ΜΑΤΤΗ.
335 963 393 1028 Vh
436 961 486 1028 19.
507 961 560 1028 Ne
582 963 748 1052 reponatis
767 958 863 1028 vohis
884 961 1055 1031 thesauros
1074 969 1110 1034 in
1163 1007 1164 1012 κ

14 1075 78 1144 terre,
94 1061 146 1130 nhi
167 1084 290 1150 sonsgo
313 1073 347 1130 et
366 1065 457 1130 tinea
479 1062 576 1141 delet,
596 1062 655 1128 uhi
677 1063 765 1128 fures
789 1062 981 1149 perfodiunt
1002 1085 1040 1144 sc
1061 1067 1111 1134 fu-

15 1175 98 1228 rutnr.
134 1165 188 1230 20.
208 1163 277 1230 Sed
297 1161 470 1231 recondite
486 1162 582 1229 vohis
603 1163 772 1230 thesauros
792 1165 827 1230 in
849 1161 954 1244 coelo,
976 1164 1033 1232 nhi
1053 1190 1112 1236 no-

16 1287 55 1350 pu
71 1285 183 1352 aesngo
203 1285 314 1352 neque
334 1267 424 1330 tinea
446 1264 551 1344 delet,
577 1273 611 1330 et
630 1262 689 1329 uhi
709 1263 799 1330 fures
817 1284 886 1331 non
908 1266 1111 1352 perfodiunt,

17 1385 88 1450 usqne
105 1366 261 1432 furantur.
307 1364 360 1432 21.
387 1365 470 1432 uam
488 1363 548 1432 uhi
573 1364 671 1430 fuerit
698 1363 869 1430 thesaurus
888 1373 1013 1449 vester,
1040 1367 1111 1436 illie

19 1469 93 1532 uitet
109 1487 166 1532 oor
184 1475 337 1530 vestrum.

70 1595 156 1666 huc.
181 1599 252 1665 Xll.
291 1598 344 1665 33.
364 1596 510 1664 Vendite
532 1618 616 1686 quac
644 1596 833 1688 possidetis,
870 1607 903 1664 et
926 1595 1001 1665 dete
1022 1599 1111 1668 elee-

25 1717 153 1782 nopnam.
198 1700 315 1766 Parate
335 1697 431 1766 vohis
453 1697 610 1780 sacculos,
631 1701 689 1789 qui
712 1721 782 1766 non
801 1707 1021 1780 veterescunt,
1040 1701 1110 1770 the-

19 1817 105 1864 sunn
122 1820 193 1866 non
215 1798 424 1866 deficientem
445 1803 481 1866 in
502 1799 619 1880 coelis,
643 1821 709 1887 qno
730 1801 783 1866 fur
801 1821 871 1868 non
892 1801 1032 1882 accedit,
1052 1823 1111 1869 no-

17 1919 58 1982 pe
71 1901 147 1965 tinea
168 1903 356 1988 eorrumpit.
396 1901 449 1968 34.
473 1899 544 1968 Ubi
570 1903 656 1968 eninr
682 1899 782 1968 fuerit
806 1899 976 1970 thesaurus
993 1912 1110 1987 vester,

16 1994 46 2061 hi
60 2009 85 2065 et
100 2021 154 2066 eor
174 2011 318 2068 vestrum
341 2002 412 2068 erit.
933 2017 936 2021 ’

16 2245 21 2258 Ι
64 2171 155 2234 ldrtth.
174 2179 222 2240 19.
260 2171 311 2236 Ne
326 2173 486 2252 mestis.
526 2173 619 2236 Pestis
638 2173 711 2236 haec
730 2172 858 2256 capitalis
877 2175 983 2257 passim
1003 2188 1110 2272 regnat

15 2267 33 2304 n
48 2251 156 2327 mondo,
186 2261 220 2310 ut
245 2249 385 2314 homines
413 2253 480 2312 inex
503 2251 584 2312 lehili
609 2251 738 2312 hahendi
764 2251 924 2330 cupiditate
953 2252 1108 2316 incusant.

15 2321 55 2384 les
71 2345 134 2388 sero
156 2325 297 2388 stultitiae
321 2329 455 2412 coarguit
481 2273 631 2404 hisicius,
661 2327 742 2408 qnod
768 2327 875 2418 opibus
903 2347 1009 2410 magna
1040 2351 1111 2392 curs

15 2403 126 2484 urgetis
143 2423 222 2464 suam
242 2402 413 2466 felicitatem
432 2405 580 2467 vermibus
605 2415 637 2464 et
659 2404 793 2486 aerugini
813 2403 1011 2483 prostituunt,
1035 2405 1109 2465 furi-

15 2473 97 2556 lusqoe
113 2491 262 2560 exponunt
280 2481 311 2540 in
331 2481 477 2562 praedem.
522 2479 606 2556 Quid
625 2490 721 2539 autem
741 2479 849 2540 rationi
867 2480 964 2540 minus
983 2499 1110 2542 consen·

15 2563 101 2612 tnerm
118 2567 169 2632 est,
187 2577 274 2636 quam
295 2555 374 2618 hosa
392 2577 442 2618 sua
462 2556 572 2629 locare,
591 2552 644 2617 uhi
662 2554 708 2615 vel
727 2567 837 2637 sponte
854 2566 980 2638 pereant
996 2555 1043 2618 vel
1061 2577 1110 2619 ra-

16 2627 104 2704 piantur
123 2631 159 2692 eh
182 2629 371 2694 hominihus?
415 2635 483 2696 lloc
509 2633 628 2712 quidem
654 2651 715 2693 uon
741 2631 876 2714 cogitant
901 2633 988 2693 arari.
1026 2631 1109 2714 Opes

16 2705 136 2767 mamas
152 2706 307 2768 includunt
325 2708 400 2772 arcis
420 2708 497 2771 hene
509 2708 667 2770 obseratis:
686 2707 822 2790 effugere
836 2719 935 2770 tamen
947 2721 1109 2790 noqueunt,

16 2781 64 2856 min
80 2781 182 2843 foribus
199 2781 246 2845 rel
272 2783 359 2846 tineis
383 2783 531 2846 ohnoxiae
554 2785 615 2846 sint
632 2804 702 2845 suae
721 2785 850 2846 divitiae.
901 2783 994 2848 Coeci
1018 2789 1027 2845 i
1050 2787 1109 2846 'tur

15 2868 122 2919 nuno
141 2877 224 2920 sensu
248 2861 356 2941 privati
378 2873 466 2939 runt,
497 2861 548 2942 qui
571 2873 657 2921 tsnto
681 2859 784 2922 lshore
809 2871 949 2942 tantaque
973 2882 1023 2922 mo
1036 2863 1109 2924 estis

16 2931 100 2993 ithae
116 2953 165 2996 eon
240 2936 306 3000 ndis
330 2937 453 3029 opihns,
496 2955 550 3000 uae
569 2937 616 3000 vel
632 2937 803 3030 putredini,
834 2937 882 2999 vel
906 2938 1032 3018 rapinis,
1059 2937 1109 3001 vel

15 3005 59 3068 ὧ
73 3009 141 3072 mille
169 3013 285 3074 ortuitis
305 3012 418 3076 casabus
441 2957 592 3076 suliecue
616 3025 690 3075 sint:
717 3013 891 3095 praesertim
916 3036 1006 3095 quum
1025 3015 1109 3078 Dens

15 3079 88 3145 herm
103 3085 221 3150 thesauri
240 3089 272 3149 in
292 3089 380 3150 coelo
401 3090 567 3170 reponendi
588 3089 675 3150 nohis
689 3089 869 3165 commodet,
890 3102 920 3150 et
937 3091 975 3150 ad
995 3089 1109 3152 divitius

17 3177 220 3298 22qu
243 3175 372 3304 munt
394 3165 741 3303 possidppdasthenigne
766 3165 880 3302 iusipiepi
899 3163 1110 3301 biham

17 3261 274 3443 penellllalun
294 3329 325 3379 et
343 3263 496 3380 md
522 3263 659 3380 scopepeppi:
679 3259 1007 3452 llllleexnheedlpptihlhhln
1032 3265 1109 3410 eon·¹

16 3399 116 3546 dil,
129 3394 216 3562 llll
229 3393 1108 3561 htttttthttt'tttttthss'tttt'ttttttttt

16 3535 100 3601 hamt
115 3565 198 3624 eoru,
222 3545 349 3607 Versolite
365 3569 440 3627 quus
453 3545 620 3624 possidetis,
639 3557 673 3605 ut
692 3545 767 3605 detis
787 3547 1013 3628 eleemosynam.
1043 3546 1108 3608 farn

15 3615 68 3690 πώ
83 3618 171 3681 dmum
189 3633 235 3684 est
256 3633 347 3704 atque
365 3622 503 3684 acerbum
529 3621 698 3683 hominihus
717 3641 749 3681 se
767 3620 896 3704 propriis
922 3621 1108 3685 facultatibus

16 3691 110 3768 ulos,
123 3695 257 3760 lerandse
276 3698 362 3762 huius
371 3699 526 3760 molestiae
537 3717 622 3760 casses
642 3697 766 3777 amplam
779 3710 810 3759 et
828 3698 1011 3790 magnificam
1023 3718 1107 3780 spem

16 3775 224 3846 musonium
241 3777 404 3858 proponit,
424 3775 504 3855 quod
522 3774 635 3838 scilieet
652 3773 807 3836 thesauros
825 3774 882 3836 siha
901 3775 932 3834 iu
952 3774 1038 3836 coelo
1058 3793 1108 3838 re·
1187 3808 1191 3818 ·

15 3857 109 3920 mul,
160 3849 170 3910 i
188 3851 218 3912 in
238 3864 319 3914 terra
337 3851 516 3913 subveniunt
535 3849 656 3912 fratrom
677 3853 810 3932 egestati,
828 3850 908 3912 iuxta
926 3849 998 3912 illud
1020 3850 1107 3912 Salo-

15 3919 101 3998 ¹⁰⁸3³,
162 3927 171 3986 i
189 3939 292 4010 erogat
309 3927 450 4010 pauperi,
469 3925 642 3989 foeneratur
659 3925 802 3987 Domino.
847 3925 1006 3988 Caeterum
1025 3925 1107 4008 quod

16 3988 45 4048 ἁ
60 4003 267 4094 tenacioribus
285 4004 451 4096 vendendis⁸
465 4002 625 4138 praecipit,
646 4019 711 4094 ripn
731 4000 771 4062 its
789 4003 1107 4096 praecise·urge·ndum

17 4077 224 4218 istm
232 4091 359 4218 ‘lisele‘
371 4080 568 4232 lltt‘jtt„
588 4097 776 4216 illidii
798 4078 1107 4238 :tftlttth‘tt

17 4227 648 4370 sutossuuncun
665 4225 1107 4398 &mutuent

294 4329 332 4390 pa
385 4329 404 4370 n
569 4347 580 4383 ,
623 4329 633 4368 ι
702 4383 709 4398 .

19 4367 113 4442 *lltirt
126 4327 242 4466 relius,
261 4386 314 4468 qni
332 4383 371 4450 ad
388 4405 508 4452 menum
526 4395 587 4450 ests
604 4384 665 4450 acsi
680 4384 811 4460 dumet,
828 4379 1001 4446 liberalitas
1010 4389 1106 4444 vestre
