2678 4860
173 245 232 310 tlt
317 239 427 304 SECT.
446 237 511 300 xx,
549 251 681 300 cumn
695 249 920 298 nesunnncrro
939 251 981 300 ιτ
1000 251 1166 300 asmnsro.

251 393 353 458 llsttls.
370 395 419 456 20.
458 391 602 452 stantes
624 409 674 452 m
700 411 829 452 meare.
870 388 924 451 llis
943 387 1037 452 vulsis
1058 390 1105 468 (nt
1123 403 1191 454 ante
1209 393 1303 454 admn-

174 472 239 542 nni)
262 471 394 535 Christus
420 467 578 551 Apostolos
606 467 745 558 mittendo
773 464 913 558 ostendit,
945 488 977 528 se
999 466 1051 562 illis
1075 467 1105 526 in
1128 480 1224 530 tntum
1242 493 1303 560 'non

174 550 318 688 &sirpe
336 567 422 686 stt,
438 545 916 698 ttl⁸nt¹ttplttlt¹ttnttt
941 548 1305 700 tt'lttttdtttt

175 644 339 772 ollllludaEl,
358 699 407 760 sed
425 696 500 787 quod
520 696 578 778 ipse
597 695 747 770 mandavit,
763 696 800 756 de
819 717 904 786 manu
917 643 1174 788 'tquodpstunsrgin
1193 721 1305 760 manum

174 798 247 917 pure
272 788 302 838 et
325 774 442 838 fideliter
465 775 636 852 dispensent.
675 774 771 852 Atque
795 785 901 832 mnam
926 795 982 844 rus,
1010 773 1087 852 quod
1114 775 1167 836 sibi
1189 790 1305 858 arrogat

200 875 265 935 apa,
284 852 348 912 huic
368 851 483 932 regulae
502 847 663 910 subiiceret:
687 869 740 910 nos
759 847 834 910 enim
854 847 933 908 facilc
953 861 1116 929 pateremur
1134 851 1228 930 ipsum
1248 874 1306 912 esse

174 931 254 992 Petri
268 927 313 990 vel
329 927 407 988 Pauli
424 945 623 999 successorem,
641 925 730 986 modo
750 945 788 985 ne
808 925 953 1015 tyrannice
972 925 1003 984 in
1022 927 1128 987 animas
1145 928 1305 988 dominare·

173 1018 232 1068 tur.
270 1005 327 1068 Sed
346 1025 431 1083 quum
450 1003 533 1082 prolli
554 1013 601 1060 ato
621 999 727 1064 Christi
747 1001 927 1083 magisterio,
950 1000 1051 1080 putidis
1069 1005 1128 1064 suis
1147 1003 1233 1087 nugis
1254 1008 1306 1066 Ec·

175 1081 289 1146 clesiam
308 1081 426 1154 inficiat,
448 1077 514 1140 satis
533 1023 602 1138 Eine
624 1089 740 1160 apparet
758 1099 840 1157 quarn
859 1077 947 1167 longe
966 1099 981 1138 a
1000 1099 1118 1138 munere
1138 1081 1305 1159 Apostolirn

174 1157 333 1221 desciverit.
372 1157 532 1216 Tenearnus
549 1155 580 1215 in
599 1176 716 1228 summa,
737 1153 778 1214 his
796 1153 891 1215 serbis
912 1153 1023 1234 praefici
1043 1153 1188 1217 Ecclesiae
1205 1157 1306 1220 dorto-

174 1255 236 1308 res,
255 1255 316 1295 non
335 1231 383 1314 qui
402 1229 548 1313 prosecant
566 1230 698 1310 quicquid
717 1229 808 1290 visum
828 1229 926 1302 luerit,
950 1229 999 1292 sed
1017 1229 1052 1291 ab
1072 1251 1124 1292 ore
1144 1232 1230 1294 unius
1249 1256 1305 1292 ma-

197 1310 256 1372 istri
280 1309 334 1390 ipsi
355 1329 469 1388 quoque
493 1307 648 1386 pendeant,
678 1317 709 1364 ut
729 1307 768 1378 ei,
796 1325 856 1366 non
880 1304 947 1380 sibi,
982 1306 1129 1386 acquirant
1148 1307 1304 1390 discipulos.

173 1329 252 1448 Erre
269 1408 323 1466 ego
346 1387 503 1446 roliacum.
544 1383 619 1456 Quia
643 1381 818 1463 provinciam
838 1380 964 1444 Christus
982 1382 1131 1444 mandabat
1150 1385 1304 1465 Apostolis,

173 1484 258 1546 quam
275 1461 392 1522 minime
411 1460 492 1522 obire
509 1469 645 1538 poterant
669 1458 787 1518 lrnmana
806 1469 916 1518 tantum
940 1457 1046 1520 virtute
1070 1457 1149 1534 freti,
1176 1461 1304 1522 coelestis

174 1541 219 1602 sui
243 1537 372 1620 praesidii
393 1535 493 1596 fiducia
517 1557 566 1596 eos
589 1534 702 1595 animat.
746 1535 819 1596 Nam
845 1546 995 1615 antequam
1020 1555 1052 1596 se
1073 1534 1126 1595 illis
1149 1536 1304 1598 allaturum

173 1615 368 1698 promitteret,
386 1612 526 1704 praelatus
544 1622 601 1682 est,
627 1631 657 1671 se
675 1611 787 1693 Regem
807 1631 867 1672 esse
888 1609 960 1670 coeli
980 1621 1010 1672 ct
1026 1622 1131 1685 terrae,
1154 1613 1203 1692 qni
1224 1637 1304 1672 manu

174 1713 223 1753 sua
247 1703 278 1753 et
299 1691 419 1770 irnperio
439 1688 533 1748 omnia
578 1687 706 1748 ubernet
743 1689 822 1766 Ergo
841 1685 999 1768 emphatice
1017 1685 1167 1768 legendnm
1187 1701 1232 1750 est
1253 1691 1304 1749 boc

173 1788 350 1848 pronomen,
372 1785 441 1848 egr:
470 1763 526 1824 acri
564 1765 672 1838 ixisset,
694 1762 717 1824 si
739 1762 835 1823 ollicio
855 1783 908 1824 sno
928 1774 1044 1824 strenue
1062 1761 1180 1846 defungi
1200 1765 1305 1827 vellens

173 1841 316 1924 Apostoli,
336 1863 393 1900 non
411 1839 617 1919 respiciendum
638 1859 699 1902 esse
717 1838 784 1917 quid
803 1837 855 1918 ipsi
878 1851 1009 1930 possent,
1032 1839 1081 1900 sed
1100 1839 1228 1902 iniuncta
1249 1843 1305 1902 eius

173 1929 314 2000 potestate
332 1915 481 1976 nitendum
500 1935 574 1990 esse,
593 1915 645 1976 sub
670 1914 748 1976 cuius
771 1915 900 2006 auspiciis
921 1915 1050 1976 milimnt.
1090 1917 1193 1976 lllodus
1213 1931 1306 1978 autem

195 1994 364 2066 raesentiae,
389 2012 472 2072 quarn
495 1991 637 2054 Dominus
658 1991 715 2053 suis
734 1991 889 2071 promittit,
916 1991 1096 2071 spiritualiter
1112 1991 1239 2076 intelligi
1260 1997 1307 2056 de-

173 2016 239 2132 Eet:
257 2069 322 2150 qnia
339 2080 372 2128 ut
389 2067 473 2130 nobis
485 2067 643 2140 auxilietur,
661 2088 721 2128 non
736 2089 807 2148 opus
827 2078 869 2128 est
886 2088 902 2128 e
919 2067 1002 2127 coelo
1016 2067 1199 2143 descendere,
1220 2093 1305 2149 quun

174 2146 297 2227 Spiritus
316 2145 358 2206 sui
378 2143 481 2228 gratia,
504 2143 581 2224 quasi
605 2155 718 2204 extenta
743 2165 828 2203 mann
850 2163 867 2204 e
887 2143 983 2218 coelo,
1015 2143 1110 2205 iuvare
1128 2165 1183 2205 nos
1209 2148 1306 2226 possit

172 2225 246 2286 Nam
265 2222 313 2302 qui
331 2222 485 2282 secundum
503 2237 608 2301 corpus
629 2218 767 2282 immenso
793 2219 921 2280 locorum
945 2219 1038 2301 spatio
1062 2240 1078 2279 a
1104 2220 1190 2281 nobis
1215 2223 1305 2286 distat.

173 2319 234 2360 non
253 2299 339 2358 modo
363 2317 415 2377 per
436 2307 530 2358 totum
552 2295 688 2356 mnndum
711 2297 732 2356 S
754 2295 832 2356 iritus
850 2295 893 2356 sni
911 2295 1064 2356 efficaciam
1081 2295 1237 2374 diffundit,
1260 2303 1305 2360 sed

172 2377 204 2438 in
230 2375 312 2436 nobis
355 2393 448 2452 unque
472 2393 540 2434 vere
564 2371 678 2433 habitat.
746 2372 880 2433 otandusn
904 2383 947 2434 est
969 2383 1128 2452 praeterea,
1151 2394 1217 2434 non
1244 2375 1304 2437 solis

172 2449 321 2532 Apostolis
335 2395 399 2510 loc
421 2467 483 2510 esse
506 2449 624 2510 dictum:
652 2447 718 2528 quia
740 2468 799 2508 non
824 2447 853 2508 in
877 2469 961 2508 unam
983 2448 1071 2510 modo
1094 2459 1237 2522 aetatem,
1260 2455 1304 2512 sed

172 2525 319 2607 usquead
343 2525 427 2586 linem
452 2524 547 2584 mundi
565 2523 707 2585 Dominus
730 2523 863 2584 auxilium
886 2545 968 2586 suum
991 2524 1141 2605 promittit.
1182 2526 1304 2588 Perinde

173 2615 217 2666 est
239 2601 327 2685 igitur
350 2600 406 2662 acsi
429 2600 550 2674 diceret,
579 2612 721 2680 utcunque
738 2599 841 2660 infirmi
860 2599 918 2660 sint
943 2599 1088 2682 Evangelii
1111 2601 1239 2664 ministri
1263 2625 1303 2665 rc·

170 2676 443 2818 {iollu‘rlllld
460 2675 783 2816 {tttllttffltnt
800 2675 995 2814 lllli'il?re
1027 2677 1303 2816 ilidili’nuidi

170 2773 688 2985 {inutilissimas
701 2797 1246 2985 tsttsrrsltns‘rnn:
1264 2835 1303 2970 n

170 2981 240 3044 tleri
261 2979 365 3063 papalis
383 2978 562 3060 improbitas,
581 2981 647 3040 dnm
665 2979 817 3062 sacrilegae
835 2999 901 3040 suae
920 2980 1060 3061 tyrannidi
1080 2981 1157 3042 hune
1176 2984 1303 3045 colorem

168 3059 316 3119 inducunt.
354 3057 469 3136 Negant
491 3055 643 3117 Ecclesiam
668 3075 762 3118 errare
790 3075 888 3137 posse,
916 3077 1022 3136 quasa
1044 3055 1162 3118 Christo
1182 3063 1303 3143 regitur:

190 3134 247 3195 nasi
273 3154 343 3196 vero
369 3131 514 3206 Christus,
542 3153 600 3192 non
620 3153 700 3194 secus
725 3153 758 3192 ac
780 3131 928 3215 gregarius
954 3131 1090 3215 quispiam
1118 3134 1219 3210 mdes,
1251 3138 1303 3198 aliis

168 3155 286 3272 ducibus
304 3209 506 3270 mercenariam
524 3229 639 3289 operam
657 3207 771 3282 locarit,
789 3229 823 3268 ac
842 3227 901 3268 non
921 3209 1016 3287 potins
1031 3210 1237 3274 auctoritatem
1256 3213 1303 3273 sihi

168 3287 198 3348 in
217 3285 336 3348 solidum
355 3283 492 3357 retinens.
517 3306 548 3346 se
567 3284 713 3362 doctrinae
732 3305 799 3344 suae
818 3283 957 3344 vindicem
983 3283 1048 3346 lore
1064 3297 1182 3350 testatos
1200 3289 1258 3367 sit,
1277 3301 1303 3350 nt

167 3382 199 3425 se
218 3362 278 3430 eins
295 3359 416 3424 ministri
433 3359 556 3426 victores
575 3361 665 3424 totius
682 3359 781 3422 mundi
797 3359 861 3422 lore
879 3359 1031 3422 confidant.

250 3641 324 3710 222.
346 3641 489 3712 MARC.
515 3641 601 3710 XVI.
645 3643 696 3710 19.
722 3641 834 3730 ltaque
859 3642 1019 3710 Dominus
1041 3641 1186 3732 quidem,
1215 3657 1302 3734 post·

166 3766 261 3834 qnam
283 3745 438 3833 loquutus
460 3742 571 3812 luisset
593 3747 653 3821 eis,
675 3755 823 3834 receptus
845 3749 948 3812 estin
970 3745 1107 3826 coelum,
1129 3757 1162 3813 et
1184 3771 1302 3816 conse·

165 3847 212 3916 dtr
232 3871 250 3916 s
273 3847 410 3915 dexteris
432 3846 505 3912 Dei.
548 3848 601 3912 20.
623 3845 673 3935 llli
694 3867 773 3914 vero
795 3849 915 3935 egressi
936 3847 1205 3936 praedicaverunt
1230 3850 1302 3918 uhi-

164 3973 237 4040 que,
258 3953 401 4019 Domino
424 3960 626 4038 cooperante,
651 3959 682 4018 ct
698 3971 877 4018 sermonem
899 3948 1108 4018 confirmante
1126 3975 1189 4041 per
1210 3957 1312 4043 signa

163 4051 403 4143 subsequentis.
1311 4061 1312 4076 ³

248 4245 349 4316 LUC.
362 4249 477 4314 XXIV.
520 4247 573 4314 50.
594 4243 714 4318 Eduxit
736 4257 840 4316 nutem
863 4269 921 4316 ens
942 4248 1031 4323 lonas
1053 4271 1156 4336 nsque
1179 4253 1215 4316 in
1238 4252 1299 4318 Be·

163 4343 315 4412 tharsiam:
350 4361 382 4416 et
412 4347 545 4419 sublatis
573 4353 607 4416 in
632 4349 732 4418 strum
761 4347 910 4426 manibus
936 4352 1019 4434 suis,
1046 4349 1215 4420 benedixit
1242 4356 1298 4418 eis.
