2568 4848
169 245 210 322 ap
353 233 509 299 sttcho
528 233 586 298 ttt
624 235 701 298 assu
719 247 869 300 stamas
887 250 930 298 aa
948 247 1118 300 mauras.

172 385 255 454 tione
281 402 343 445 nau
369 393 481 462 egeret.
522 381 625 456 Quare
648 381 798 462 sequitur,
823 397 929 447 omna
951 381 984 442 in
1005 380 1103 445 Adero
1124 378 1208 444 luisse
1227 401 1259 442 cot

172 473 292 540 ruptos,
317 460 435 538 quando
463 457 633 538 pollutionis
660 457 835 518 damnantur
860 478 913 518 ore
937 458 1077 524 Domini.
1108 459 1169 518 Nec
1194 457 1259 518 obsta

174 538 255 618 quod
275 535 343 596 alibi
357 548 499 596 uocantur
509 534 610 594 ludaei
622 535 692 594 rami
705 535 797 595 sancti
814 555 848 594 ex
859 535 957 599 radice
969 547 1067 599 sauots
1080 534 1259 608 (Romnae

174 617 243 695 quia·
262 613 318 674 lroc
339 613 450 674 bonum
472 611 526 672 illis
547 613 628 690 quasi
649 611 845 672 adventicium
866 623 936 674 erat.
964 611 1027 672 Etsi
1047 613 1127 673 enim
1138 611 1260 690 adoption

174 688 328 772 privilegio
349 689 495 768 segregati
516 699 600 749 erant
618 690 647 751 in
668 685 811 769 populum
832 685 969 762 electum,
989 687 1073 767 prior
1093 687 1260 752 tamenordir

175 779 238 826 erat
258 763 448 824 haereditaria
475 781 508 824 ex
532 761 625 824 Adam
651 764 813 842 corruptio.
854 763 1046 844 Distinguam
1072 781 1144 845 ergo
1169 783 1260 824 conver

175 845 253 904 inter
270 842 396 921 primam
417 852 561 914 naturam,
581 853 612 901 et
631 839 778 920 peculiare
800 839 927 901 foederis
948 839 1135 912 beneficium,
1154 861 1209 921 quo
1221 839 1260 898 tta

175 941 243 982 suos
263 941 278 978 a
300 917 449 980 communi
469 917 675 979 maledictione
694 915 810 976 liberat.
852 919 949 1010 Atque
969 916 1026 978 huc
1038 917 1188 998 spectabat
1207 914 1260 996 lega}

174 995 327 1078 purgatio,
360 1005 393 1054 ut
416 994 526 1054 scirent
551 993 668 1068 ludaei,
698 992 827 1075 abstergi
851 993 910 1054 Der
937 993 1126 1130 gratiaquas
1150 1013 1261 1053 secum.

177 1073 318 1134 mundum
338 1070 440 1130 sordes
460 1070 608 1132 nascendo
633 1068 800 1131 attulerant
839 1069 919 1132 ilinc
945 1071 1032 1130 etiam
1081 1069 1224 1130 iacendum
1244 1087 1261 1126 et

178 1146 728 1304 illidii?liliplirliiilinllm'
744 1141 1261 1303 tat“ttrlttlttttssttt‘ttl

176 1301 357 1362 immundum
378 1319 451 1374 esse,
469 1300 528 1360 imo
550 1297 646 1358 l'ateor
665 1297 793 1359 libidinis
805 1299 907 1359 vitium
925 1266 1054 1379 coniugii
1072 1301 1262 1378 sanctitateth

176 1377 227 1440 sed
248 1377 366 1440 iuterim
385 1389 443 1436 um
466 1375 611 1456 profunda
631 1395 665 1436 ac
684 1375 811 1437 fecunda
831 1388 875 1436 est
886 1373 1000 1455 peccati
1013 1378 1171 1456 scaturigo,
1189 1385 1219 1432 ut
1234 1373 1262 1430 int

176 1475 293 1532 semper
324 1452 467 1516 ebulliant
490 1451 588 1534 aliqua
613 1451 698 1530 vitia,
730 1471 806 1533 qnae
832 1451 952 1513 maculis
984 1465 1147 1534 aspergunt
1173 1450 1262 1530 quicqu

176 1529 288 1610 alioqui
309 1551 413 1612 purum
435 1542 506 1589 erat.
787 1595 790 1602 ⁴

255 1611 305 1672 23.
344 1605 426 1666 Sicut
448 1609 587 1682 scriptum
610 1617 652 1665 est
674 1607 706 1664 irs
729 1603 818 1680 Lege.
862 1603 931 1664 Hoc
955 1601 1079 1664 alterum
1104 1602 1214 1684 pietatis
1235 1599 1262 1661 ol

179 1683 257 1744 cimn
277 1683 346 1757 luit,
374 1705 435 1762 quo
455 1683 588 1743 defuncti
606 1693 675 1742 sunt
694 1681 802 1761 Iosepb
824 1693 855 1741 et
874 1681 975 1742 Maria.
1013 1679 1141 1740 lubebat
1158 1679 1263 1740 Domina

179 1781 283 1820 omncs
302 1759 446 1820 masculos
465 1759 522 1820 sibi
543 1759 635 1819 dicari
654 1759 685 1818 in
706 1757 917 1849 redemptionis
930 1759 1112 1831 memoriam,
1126 1757 1201 1836 quia,
1235 1776 1263 1812 nu

179 1835 311 1918 Angelus
332 1837 430 1896 omnia
450 1835 649 1918 primogenita
661 1835 791 1918 Aegypti
804 1833 995 1906 interficeret,
1009 1833 1207 1926 primogenitis
1217 1777 1263 1888 lsrr

180 1923 354 1994 pepercerat
383 1913 484 1988 (Num.
503 1917 539 1986 3,
564 1913 639 1989 13.):
690 1927 772 1972 ostea
803 1911 911 1990 cuique
941 1909 1049 1969 licebat
1081 1907 1263 1990 primogenitu

181 2006 264 2050 snum
279 2001 361 2048 certo
375 1989 473 2068 pretio
488 1989 642 2048 redimere.
670 1934 726 2048 ltts
746 1987 802 2047 l'uit
820 2001 903 2048 retus
923 1987 1107 2046 ceremonia:
1128 2007 1201 2045 nnnc
1218 1995 1261 2062 qut

179 2065 329 2126 Dominus
349 2065 512 2155 communis
532 2065 671 2158 omnium
683 2065 721 2126 sit
740 2065 928 2145 redemptor,
953 2063 1017 2124 iure
1037 2083 1094 2124 nos
1114 2063 1173 2152 sibi
1188 2084 1202 2121 a
1220 2059 1264 2124 nit

181 2161 351 2290 ttlt‘ttt
364 2140 1264 2298 ‘ttssttttt'tlt‘t...¹.'.t“⁰.tt'¹,llt‘.‘.².,⁵.t‘.t'¹t..'ft

180 2293 263 2376 Lege
287 2294 417 2354 Domini.
455 2295 608 2355 Docemur
632 2295 709 2354 enirn
735 2294 780 2355 bis
805 2239 919 2366 velbis,
945 2291 1016 2351 nibil
1043 2293 1166 2372 proprio
1189 2289 1264 2350 arbitr

180 2371 353 2432 anundum
374 2391 436 2432 esse
457 2373 486 2432 in
501 2371 581 2434 cultu
590 2371 659 2447 Dei,
671 2371 723 2432 sed
742 2371 920 2434 obedienter
936 2369 1123 2449 sequendum
1143 2387 1209 2442 esse,
1226 2381 1265 2443 qut

181 2445 273 2510 verbo
294 2470 347 2508 suo
389 2449 466 2510 raeci
489 2451 519 2509 it.
1264 2503 1265 2506 ,

259 2531 306 2588 24.
346 2469 387 2581 ID
409 2539 441 2584 at
459 2471 563 2586 dim
584 2521 716 2585 dominns.
756 2523 936 2585 Sacrificium
961 2519 1020 2583 boc
1045 2521 1082 2582 ad
1103 2523 1186 2582 ritum
1200 2535 1265 2611 purg}

182 2601 272 2662 tionis
291 2601 459 2680 spectabat,
479 2622 517 2661 ne
538 2603 602 2682 quis
622 2613 721 2682 putet,
747 2601 879 2661 oblatum
899 2619 962 2660 esse
982 2598 1146 2658 redimendi
1166 2613 1265 2678 pnnrogt

183 2677 238 2738 niti
258 2697 349 2736 causa.
390 2679 491 2752 Quum
513 2699 564 2758 par
583 2689 730 2738 turturum
750 2677 797 2738 sel
816 2677 885 2738 duas
906 2675 1057 2736 columbas
1076 2675 1202 2736 nominat
1214 2672 1265 2730 Erat

182 2752 296 2832 gelista,
316 2773 371 2888 pro
392 2753 528 2814 confesso
548 2757 646 2828 sumit,
666 2764 775 2814 tantam
790 2753 877 2812 luisse
890 2751 1019 2834 inopiam
1032 2751 1141 2832 loseph
1155 2745 1265 2810 etlllaria

183 2840 217 2888 ut
236 2828 270 2888 ad
292 2850 312 2889 o
340 2829 480 2889 erendum
506 2851 612 2911 agnum
637 2851 698 2890 non
724 2829 874 2890 sufficeret
902 2827 1029 2888 facultas.
1069 2829 1144 2888 Nam
1169 2827 1265 2898 haece

183 2906 283 2984 ceptio
304 2905 410 2965 diserte
421 2907 552 3042 ponitur
569 2907 664 2968 Levit.
684 2912 732 2980 12,
750 2913 779 2974 6.
818 2907 852 2967 Si
872 2907 935 2986 quis
955 2903 1088 2978 obiiciat,
1107 2927 1202 2966 aurum
1220 2919 1262 2980 pat

434 3006 450 3040 ll

183 2994 252 3040 ante
273 3003 289 3041 a
309 2983 401 3064 magis
454 2982 507 3042 isse
528 2981 669 3058 oblatum,
689 2983 767 3042 uode
788 2993 936 3056 emerent,
963 2981 1148 3060 respondeo,
1172 3000 1224 3040 non
1241 2995 1265 3056 es

184 3057 351 3140 fingendam
377 3057 463 3120 nobis
487 3061 549 3121 auri
576 3061 708 3140 copiam,
740 3079 815 3140 quae
842 3069 966 3140 repente
997 3078 1142 3138 pauperes
1172 3055 1265 3114 ditaret

181 3131 252 3194 Non
273 3136 350 3194 enim
371 3135 504 3218 legimus,
526 3149 649 3196 ootrstos
670 3135 756 3196 luisse
777 3156 852 3195 auro
871 3132 1014 3208 camelos,
1033 3133 1085 3194 sed
1107 3133 1199 3214 potius
1217 3123 1265 3188 trel

185 3209 246 3272 bile
278 3225 337 3286 est,
358 3211 447 3273 luisse
479 3214 615 3294 exiguum
635 3210 755 3291 aliquod
781 3210 927 3288 libamen,
952 3209 1031 3290 quod
1059 3221 1168 3270 tantum
1193 3209 1265 3288 bono·t

184 3309 269 3350 causa
288 3288 456 3350 attulerant.
496 3292 559 3350 Nec
579 3310 649 3350 vero
669 3289 731 3348 Lex
750 3287 879 3369 praecise
904 3287 1078 3364 mandabat,
1102 3299 1135 3346 ut
1159 3285 1185 3346 io
1204 3297 1265 3344 sacn‘

184 3364 261 3426 ciunt
287 3377 496 3426 consumerent
520 3378 624 3427 tenues
655 3387 735 3426 suam
759 3363 967 3438 substantiam,
999 3363 1050 3424 sed
1082 3385 1099 3424 a
1126 3359 1246 3422 divitibus

184 3441 331 3502 sacrificiis
356 3462 407 3502 eos
434 3442 600 3502 discernens
629 3454 748 3522 sumptu
774 3461 824 3501 eos
850 3439 973 3500 levabat.
1031 3439 1132 3515 Quare
1159 3433 1224 3500 nibil
1245 3447 1265 3486 tt

184 3515 379 3591 incommodi,
397 3518 421 3576 si
441 3519 569 3579 dicamus
581 3518 688 3599 loseph
710 3529 739 3577 et
752 3517 873 3578 Mariam
895 3517 1019 3590 dedisse,
1040 3528 1179 3596 quantum
1199 3505 1264 3570 lercl

184 3589 315 3682 ipsorum
337 3595 485 3668 conditio,
511 3595 621 3654 etiamsi
648 3595 718 3730 quid
740 3595 881 3674 pecuniae
907 3591 943 3654 ad
963 3591 1134 3654 tolerandos
1153 3585 1251 3652 itineris

184 3679 259 3730 vitae
280 3681 411 3750 sumptus
431 3671 592 3750 repositum
613 3670 647 3731 ha
673 3683 765 3731 erent.

260 3751 308 3810 25.
346 3743 424 3806 Ecce
446 3743 530 3807 houm
555 3763 619 3808 erat
641 3745 865 3824 Hierosolymis.
916 3743 1047 3808 Historia
1072 3743 1146 3808 hacc
1175 3737 1265 3801 retent

184 3831 220 3880 ut
236 3821 370 3898 sciamus,
390 3845 479 3902 quum
499 3844 530 3884 se
550 3835 630 3884 totus
651 3827 712 3883 scre
732 3823 859 3917 populus
879 3821 916 3880 irn
941 3823 968 3881 io
983 3822 1041 3883 Dei
1056 3827 1220 3898 contemptu
1235 3829 1265 3892 pt*

185 3895 327 3973 sanasset,
351 3921 459 3979 paucos
485 3913 583 3960 tamen
609 3900 786 3980 superfuisse
805 3897 863 3958 Dei
883 3844 1027 3975 cultores,
1054 3910 1085 3958 et
1104 3895 1265 3977 Christum]

184 3971 241 4034 illis
263 3976 350 4035 luisse
371 3977 522 4060 cognitum
543 3999 558 4038 a
580 3978 671 4058 prima
690 3995 783 4056 usque
805 3975 934 4035 infantia.
961 3976 1039 4034 Istae
1059 3987 1141 4035 erant
1161 3969 1263 4100 reliqna

209 4073 256 4112 nas
280 4052 388 4112 Paulus
417 4054 577 4114 secundum
603 4053 758 4134 gratuitam
784 4051 842 4110 Dei
868 4049 1044 4113 electionem
1072 4061 1194 4112 servatas
1231 4060 1263 4098 1¹¹⁵

208 4141 283 4188 ocet.
327 4131 427 4209 Atque
456 4129 487 4189 in
519 4130 572 4189 bac
604 4130 705 4210 exigua
736 4149 825 4190 manu
855 4127 966 4189 inclusa
999 4141 1062 4188 erat
1086 4121 1210 4186 Ecclesia
1236 4117 1265 4174 D¹

24 4209 25 4232 ¹
85 4245 91 4260 .
186 4206 314 4284 quamvis
333 4207 500 4266 sacerdotes
521 4217 551 4264 et
570 4205 684 4266 scribae
696 4202 845 4264 Ecclesiae
858 4203 974 4264 titulum
996 4225 1056 4264 non
1078 4205 1170 4264 minus
1185 4187 1265 4274 superl

186 4303 272 4418 qpam
294 4281 367 4342 salso
388 4284 538 4342 iactarcnt.
577 4281 663 4342 Duos
684 4293 796 4342 tanturn
817 4293 1028 4341 commemorat
1047 4275 1261 4362 Evangelista‚t

218 4357 409 4440 ierosolymae
435 4357 583 4420 Christum
617 4357 808 4440 agnoverint,
839 4379 928 4438 quum
953 4358 984 4418 in
1009 4356 1149 4442 templum
1173 4348 1265 4412 adduct
