<?xml version="1.0" encoding="UTF-8"?>
<!DOCTYPE html PUBLIC "-//W3C//DTD XHTML 1.0 Transitional//EN"
    "http://www.w3.org/TR/xhtml1/DTD/xhtml1-transitional.dtd">
<html xmlns="http://www.w3.org/1999/xhtml" xml:lang="en" lang="en">
 <head>
  <title>
</title>
<meta http-equiv="Content-Type" content="text/html;charset=utf-8" />
  <meta name='ocr-system' content='tesseract 3.04.00' />
  <meta name='ocr-capabilities' content='ocr_page ocr_carea ocr_par ocr_line ocrx_word'/>
</head>
<body>
  <div class='ocr_page' id='page_1' title='image "./ioanniscalvinii01calvgoog_0297.png"; bbox 0 0 2496 4852; ppageno 0'>
   <div class='ocr_carea' id='block_1_1' title="bbox 177 233 981 310">
    <p class='ocr_par' dir='ltr' id='par_1_1' title="bbox 177 233 981 310">
     <span class='ocr_line' id='line_1_1' title="bbox 177 233 981 310; baseline 0 -10"><span class='ocrx_word' id='word_1_1' title='bbox 177 241 238 310; x_wconf 71' lang='lat'><strong>212</strong></span> <span class='ocrx_word' id='word_1_2' title='bbox 511 233 666 302; x_wconf 80' lang='lat' dir='ltr'><strong>sEcTIO</strong></span> <span class='ocrx_word' id='word_1_3' title='bbox 687 233 757 302; x_wconf 78' lang='lat' dir='ltr'><strong>vn.</strong></span> <span class='ocrx_word' id='word_1_4' title='bbox 794 235 981 300; x_wconf 70' lang='lat' dir='ltr'><strong>urescere</strong></span> 
     </span>
    </p>
   </div>
   <div class='ocr_carea' id='block_1_2' title="bbox 176 379 1244 872">
    <p class='ocr_par' dir='ltr' id='par_1_2' title="bbox 176 379 1244 872">
     <span class='ocr_line' id='line_1_2' title="bbox 179 379 1244 472; baseline -0.002 -20"><span class='ocrx_word' id='word_1_5' title='bbox 179 385 321 454; x_wconf 77' lang='lat' dir='ltr'><strong>vescitur</strong></span> <span class='ocrx_word' id='word_1_6' title='bbox 352 392 547 472; x_wconf 84' lang='lat' dir='ltr'><strong>praeceptor</strong></span> <span class='ocrx_word' id='word_1_7' title='bbox 577 387 706 453; x_wconf 82' lang='lat' dir='ltr'><strong>vastari</strong></span> <span class='ocrx_word' id='word_1_8' title='bbox 746 383 796 452; x_wconf 78' lang='lat' dir='ltr'><strong>tn</strong></span> <span class='ocrx_word' id='word_1_9' title='bbox 823 383 867 450; x_wconf 82' lang='lat' dir='ltr'><strong>At</strong></span> <span class='ocrx_word' id='word_1_10' title='bbox 892 383 1003 463; x_wconf 79' lang='lat' dir='ltr'><strong>leem,</strong></span> <span class='ocrx_word' id='word_1_11' title='bbox 1034 403 1130 471; x_wconf 73' lang='lat' dir='ltr'><strong>qum</strong></span> <span class='ocrx_word' id='word_1_12' title='bbox 1154 379 1244 450; x_wconf 75' lang='lat' dir='ltr'><strong>asma</strong></span> 
     </span>
     <span class='ocr_line' id='line_1_3' title="bbox 179 482 1244 574; baseline -0.006 -20"><span class='ocrx_word' id='word_1_13' title='bbox 179 483 258 554; x_wconf 86' lang='lat' dir='ltr'><strong>dixit</strong></span> <span class='ocrx_word' id='word_1_14' title='bbox 276 483 350 564; x_wconf 83' lang='lat' dir='ltr'><strong>iliis,</strong></span> <span class='ocrx_word' id='word_1_15' title='bbox 370 485 449 553; x_wconf 86' lang='lat' dir='ltr'><strong>Nun</strong></span> <span class='ocrx_word' id='word_1_16' title='bbox 470 505 554 574; x_wconf 89' lang='lat' dir='ltr'><strong>opus</strong></span> <span class='ocrx_word' id='word_1_17' title='bbox 575 483 707 563; x_wconf 91' lang='lat' dir='ltr'><strong>babent,</strong></span> <span class='ocrx_word' id='word_1_18' title='bbox 728 488 784 572; x_wconf 82' lang='lat' dir='ltr'><strong>qui</strong></span> <span class='ocrx_word' id='word_1_19' title='bbox 802 483 903 550; x_wconf 83' lang='lat' dir='ltr'><strong>validi</strong></span> <span class='ocrx_word' id='word_1_20' title='bbox 915 495 997 564; x_wconf 82' lang='lat' dir='ltr'><strong>amnt,</strong></span> <span class='ocrx_word' id='word_1_21' title='bbox 1016 483 1148 562; x_wconf 88' lang='lat' dir='ltr'><strong>medico,</strong></span> <span class='ocrx_word' id='word_1_22' title='bbox 1165 482 1244 568; x_wconf 81' lang='lat' dir='ltr'><strong>sedq</strong></span> 
     </span>
     <span class='ocr_line' id='line_1_4' title="bbox 178 581 1244 673; baseline -0.008 -19"><span class='ocrx_word' id='word_1_23' title='bbox 178 583 262 654; x_wconf 88' lang='lat' dir='ltr'><strong>male</strong></span> <span class='ocrx_word' id='word_1_24' title='bbox 284 583 415 654; x_wconf 85' lang='lat' dir='ltr'><strong>babent.</strong></span> <span class='ocrx_word' id='word_1_25' title='bbox 457 585 507 652; x_wconf 84' lang='grc'><strong>13.</strong></span> <span class='ocrx_word' id='word_1_26' title='bbox 532 584 623 672; x_wconf 84' lang='lat' dir='ltr'><strong>Quin</strong></span> <span class='ocrx_word' id='word_1_27' title='bbox 645 587 755 672; x_wconf 87' lang='lat' dir='ltr'><strong>potius</strong></span> <span class='ocrx_word' id='word_1_28' title='bbox 774 586 829 664; x_wconf 87' lang='lat' dir='ltr'><strong>ite,</strong></span> <span class='ocrx_word' id='word_1_29' title='bbox 849 595 884 650; x_wconf 87' lang='lat' dir='ltr'><strong>et</strong></span> <span class='ocrx_word' id='word_1_30' title='bbox 905 584 1018 652; x_wconf 89' lang='lat' dir='ltr'><strong>discite</strong></span> <span class='ocrx_word' id='word_1_31' title='bbox 1039 581 1117 673; x_wconf 86' lang='lat' dir='ltr'><strong>quid</strong></span> <span class='ocrx_word' id='word_1_32' title='bbox 1136 585 1181 662; x_wconf 83' lang='lat' dir='ltr'><strong>sit,</strong></span> <span class='ocrx_word' id='word_1_33' title='bbox 1197 581 1244 646; x_wconf 78' lang='lat' dir='ltr'><strong>biis</strong></span> 
     </span>
     <span class='ocr_line' id='line_1_5' title="bbox 176 681 1244 766; baseline -0.007 -12"><span class='ocrx_word' id='word_1_34' title='bbox 176 685 350 755; x_wconf 82' lang='lat' dir='ltr'><strong>ricordiam</strong></span> <span class='ocrx_word' id='word_1_35' title='bbox 370 683 466 766; x_wconf 82' lang='lat' dir='ltr'><strong>volo,</strong></span> <span class='ocrx_word' id='word_1_36' title='bbox 497 695 531 751; x_wconf 89' lang='lat' dir='ltr'><strong>et</strong></span> <span class='ocrx_word' id='word_1_37' title='bbox 551 703 620 752; x_wconf 93' lang='lat' dir='ltr'><strong>non</strong></span> <span class='ocrx_word' id='word_1_38' title='bbox 640 685 849 750; x_wconf 82' lang='lat' dir='ltr'><strong>sacrificinm:</strong></span> <span class='ocrx_word' id='word_1_39' title='bbox 880 703 949 750; x_wconf 92' lang='lat' dir='ltr'><strong>non</strong></span> <span class='ocrx_word' id='word_1_40' title='bbox 977 685 1062 752; x_wconf 87' lang='lat' dir='ltr'><strong>enirn</strong></span> <span class='ocrx_word' id='word_1_41' title='bbox 1080 686 1153 752; x_wconf 84' lang='lat' dir='ltr'><strong>veni</strong></span> <span class='ocrx_word' id='word_1_42' title='bbox 1175 681 1211 750; x_wconf 87' lang='lat' dir='ltr'><strong>ad</strong></span> <span class='ocrx_word' id='word_1_43' title='bbox 1230 705 1244 746; x_wconf 87' lang='grc' dir='ltr'>ι</span> 
     </span>
     <span class='ocr_line' id='line_1_6' title="bbox 178 783 1063 872; baseline -0.005 -18"><span class='ocrx_word' id='word_1_44' title='bbox 178 785 316 854; x_wconf 88' lang='lat' dir='ltr'><strong>candum</strong></span> <span class='ocrx_word' id='word_1_45' title='bbox 336 789 447 866; x_wconf 90' lang='lat' dir='ltr'><strong>iustos,</strong></span> <span class='ocrx_word' id='word_1_46' title='bbox 467 784 528 852; x_wconf 90' lang='lat' dir='ltr'><strong>sed</strong></span> <span class='ocrx_word' id='word_1_47' title='bbox 545 796 736 872; x_wconf 86' lang='lat' dir='ltr'><strong>peccatores</strong></span> <span class='ocrx_word' id='word_1_48' title='bbox 759 783 800 852; x_wconf 90' lang='lat' dir='ltr'><strong>ad</strong></span> <span class='ocrx_word' id='word_1_49' title='bbox 820 785 1063 872; x_wconf 82' lang='lat' dir='ltr'><strong>poenitentiam.</strong></span> 
     </span>
    </p>
   </div>
   <div class='ocr_carea' id='block_1_3' title="bbox 170 913 1244 2208">
    <p class='ocr_par' dir='ltr' id='par_1_3' title="bbox 170 913 1244 2208">
     <span class='ocr_line' id='line_1_7' title="bbox 260 913 1244 1006; baseline -0.004 -20"><span class='ocrx_word' id='word_1_50' title='bbox 260 913 401 986; x_wconf 75' lang='lat' dir='ltr'><strong>mette.</strong></span> <span class='ocrx_word' id='word_1_51' title='bbox 420 919 459 984; x_wconf 92' lang='lat' dir='ltr'><strong>ll.</strong></span> <span class='ocrx_word' id='word_1_52' title='bbox 502 917 552 986; x_wconf 87' lang='grc'><strong>13.</strong></span> <span class='ocrx_word' id='word_1_53' title='bbox 572 918 616 984; x_wconf 89' lang='lat' dir='ltr'><strong>Et</strong></span> <span class='ocrx_word' id='word_1_54' title='bbox 637 937 786 1006; x_wconf 76' lang='lat' dir='ltr'><strong>egressus</strong></span> <span class='ocrx_word' id='word_1_55' title='bbox 807 928 857 986; x_wconf 89' lang='lat' dir='ltr'><strong>est</strong></span> <span class='ocrx_word' id='word_1_56' title='bbox 880 939 992 986; x_wconf 87' lang='lat' dir='ltr'><strong>rursus</strong></span> <span class='ocrx_word' id='word_1_57' title='bbox 1013 917 1166 994; x_wconf 86' lang='lat' dir='ltr'><strong>adnare,</strong></span> <span class='ocrx_word' id='word_1_58' title='bbox 1182 913 1244 982; x_wconf 82' lang='lat' dir='ltr'><strong>omri</strong></span> 
     </span>
     <span class='ocr_line' id='line_1_8' title="bbox 176 1015 1244 1110; baseline -0.008 -22"><span class='ocrx_word' id='word_1_59' title='bbox 176 1041 242 1110; x_wconf 88' lang='lat' dir='ltr'><strong>qne</strong></span> <span class='ocrx_word' id='word_1_60' title='bbox 263 1017 361 1088; x_wconf 89' lang='lat' dir='ltr'><strong>turba</strong></span> <span class='ocrx_word' id='word_1_61' title='bbox 380 1015 535 1085; x_wconf 82' lang='lat' dir='ltr'><strong>veniebat</strong></span> <span class='ocrx_word' id='word_1_62' title='bbox 557 1017 599 1085; x_wconf 88' lang='lat' dir='ltr'><strong>ad</strong></span> <span class='ocrx_word' id='word_1_63' title='bbox 621 1037 711 1100; x_wconf 87' lang='lat' dir='ltr'><strong>enm,</strong></span> <span class='ocrx_word' id='word_1_64' title='bbox 737 1039 777 1084; x_wconf 82' lang='lat' dir='ltr'><strong>ac</strong></span> <span class='ocrx_word' id='word_1_65' title='bbox 797 1017 939 1086; x_wconf 90' lang='lat' dir='ltr'><strong>docebat</strong></span> <span class='ocrx_word' id='word_1_66' title='bbox 960 1037 1028 1084; x_wconf 88' lang='lat' dir='ltr'><strong>eos.</strong></span> <span class='ocrx_word' id='word_1_67' title='bbox 1076 1016 1127 1083; x_wconf 77' lang='grc'><strong>11</strong></span> <span class='ocrx_word' id='word_1_68' title='bbox 1144 1016 1181 1082; x_wconf 86' lang='lat' dir='ltr'><strong>Et</strong></span> <span class='ocrx_word' id='word_1_69' title='bbox 1198 1035 1244 1104; x_wconf 84' lang='lat' dir='ltr'><strong>qno</strong></span> 
     </span>
     <span class='ocr_line' id='line_1_9' title="bbox 175 1113 1244 1210; baseline -0.007 -24"><span class='ocrx_word' id='word_1_70' title='bbox 175 1123 368 1210; x_wconf 84' lang='lat' dir='ltr'><strong>praeteriret</strong></span> <span class='ocrx_word' id='word_1_71' title='bbox 380 1115 494 1197; x_wconf 84' lang='lat' dir='ltr'><strong>lesus,</strong></span> <span class='ocrx_word' id='word_1_72' title='bbox 520 1117 603 1186; x_wconf 83' lang='lat' dir='ltr'><strong>vidit</strong></span> <span class='ocrx_word' id='word_1_73' title='bbox 622 1119 705 1188; x_wconf 84' lang='lat' dir='ltr'>Levi</span> <span class='ocrx_word' id='word_1_74' title='bbox 725 1117 866 1206; x_wconf 82' lang='lat' dir='ltr'><strong>Alpbaei</strong></span> <span class='ocrx_word' id='word_1_75' title='bbox 887 1117 991 1184; x_wconf 85' lang='lat' dir='ltr'><strong>lilium</strong></span> <span class='ocrx_word' id='word_1_76' title='bbox 1010 1115 1171 1184; x_wconf 79' lang='lat' dir='ltr'>sedentem</span> <span class='ocrx_word' id='word_1_77' title='bbox 1190 1113 1244 1180; x_wconf 88' lang='lat' dir='ltr'><strong>adt</strong></span> 
     </span>
     <span class='ocr_line' id='line_1_10' title="bbox 175 1217 1244 1307; baseline -0.006 -21"><span class='ocrx_word' id='word_1_78' title='bbox 175 1219 315 1302; x_wconf 81' lang='lat' dir='ltr'><strong>lonium,</strong></span> <span class='ocrx_word' id='word_1_79' title='bbox 344 1229 378 1288; x_wconf 88' lang='lat' dir='ltr'><strong>et</strong></span> <span class='ocrx_word' id='word_1_80' title='bbox 396 1222 444 1286; x_wconf 89' lang='lat' dir='ltr'><strong>ait</strong></span> <span class='ocrx_word' id='word_1_81' title='bbox 462 1217 527 1299; x_wconf 88' lang='lat' dir='ltr'><strong>illi,</strong></span> <span class='ocrx_word' id='word_1_82' title='bbox 553 1217 700 1307; x_wconf 70' lang='lat' dir='ltr'><strong>Sequere</strong></span> <span class='ocrx_word' id='word_1_83' title='bbox 721 1241 788 1286; x_wconf 77' lang='lat' dir='ltr'><strong>mea</strong></span> <span class='ocrx_word' id='word_1_84' title='bbox 813 1220 908 1306; x_wconf 82' lang='lat' dir='ltr'><strong>isque</strong></span> <span class='ocrx_word' id='word_1_85' title='bbox 929 1238 1065 1303; x_wconf 80' lang='lat' dir='ltr'><strong>surgens</strong></span> <span class='ocrx_word' id='word_1_86' title='bbox 1084 1225 1244 1303; x_wconf 81' lang='lat' dir='ltr'><strong>sequutura</strong></span> 
     </span>
     <span class='ocr_line' id='line_1_11' title="bbox 176 1314 1244 1407; baseline -0.007 -21"><span class='ocrx_word' id='word_1_87' title='bbox 176 1340 258 1386; x_wconf 89' lang='lat' dir='ltr'><strong>anm.</strong></span> <span class='ocrx_word' id='word_1_88' title='bbox 300 1319 350 1388; x_wconf 86' lang='grc'><strong>15.</strong></span> <span class='ocrx_word' id='word_1_89' title='bbox 377 1319 421 1386; x_wconf 85' lang='lat' dir='ltr'><strong>Et</strong></span> <span class='ocrx_word' id='word_1_90' title='bbox 447 1319 566 1386; x_wconf 86' lang='lat' dir='ltr'><strong>iactum</strong></span> <span class='ocrx_word' id='word_1_91' title='bbox 596 1329 659 1400; x_wconf 89' lang='lat' dir='ltr'><strong>eat,</strong></span> <span class='ocrx_word' id='word_1_92' title='bbox 686 1341 784 1407; x_wconf 70' lang='lat' dir='ltr'><strong>qurum</strong></span> <span class='ocrx_word' id='word_1_93' title='bbox 807 1317 1013 1384; x_wconf 82' lang='lat' dir='ltr'><strong>acctrmberet</strong></span> <span class='ocrx_word' id='word_1_94' title='bbox 1037 1319 1073 1382; x_wconf 89' lang='lat' dir='ltr'><strong>in</strong></span> <span class='ocrx_word' id='word_1_95' title='bbox 1093 1315 1183 1384; x_wconf 92' lang='lat' dir='ltr'><strong>domo</strong></span> <span class='ocrx_word' id='word_1_96' title='bbox 1199 1314 1244 1379; x_wconf 82' lang='lat' dir='ltr'><strong>illie</strong></span> 
     </span>
     <span class='ocr_line' id='line_1_12' title="bbox 173 1413 1244 1508; baseline -0.007 -22"><span class='ocrx_word' id='word_1_97' title='bbox 173 1419 268 1488; x_wconf 89' lang='lat' dir='ltr'><strong>multi</strong></span> <span class='ocrx_word' id='word_1_98' title='bbox 288 1423 383 1487; x_wconf 89' lang='lat' dir='ltr'><strong>etiam</strong></span> <span class='ocrx_word' id='word_1_99' title='bbox 403 1417 573 1508; x_wconf 88' lang='lat' dir='ltr'><strong>publicani</strong></span> <span class='ocrx_word' id='word_1_100' title='bbox 594 1427 626 1484; x_wconf 88' lang='lat' dir='ltr'><strong>et</strong></span> <span class='ocrx_word' id='word_1_101' title='bbox 646 1431 837 1506; x_wconf 80' lang='lat' dir='ltr'><strong>peccatores</strong></span> <span class='ocrx_word' id='word_1_102' title='bbox 864 1417 960 1486; x_wconf 89' lang='lat' dir='ltr'><strong>simul</strong></span> <span class='ocrx_word' id='word_1_103' title='bbox 981 1413 1200 1483; x_wconf 89' lang='lat' dir='ltr'><strong>discubuerunt</strong></span> <span class='ocrx_word' id='word_1_104' title='bbox 1213 1431 1244 1478; x_wconf 83' lang='lat' dir='ltr'><strong>cn</strong></span> 
     </span>
     <span class='ocr_line' id='line_1_13' title="bbox 172 1515 1244 1608; baseline -0.007 -21"><span class='ocrx_word' id='word_1_105' title='bbox 172 1520 249 1588; x_wconf 85' lang='lat' dir='ltr'><strong>lesu</strong></span> <span class='ocrx_word' id='word_1_106' title='bbox 269 1531 302 1588; x_wconf 89' lang='lat' dir='ltr'><strong>et</strong></span> <span class='ocrx_word' id='word_1_107' title='bbox 322 1517 489 1608; x_wconf 71' lang='lat' dir='ltr'><strong>discipulis</strong></span> <span class='ocrx_word' id='word_1_108' title='bbox 511 1522 596 1586; x_wconf 88' lang='lat' dir='ltr'><strong>eins:</strong></span> <span class='ocrx_word' id='word_1_109' title='bbox 618 1523 807 1588; x_wconf 87' lang='lat' dir='ltr'><strong>erautoninr</strong></span> <span class='ocrx_word' id='word_1_110' title='bbox 828 1519 929 1601; x_wconf 90' lang='lat' dir='ltr'><strong>multi,</strong></span> <span class='ocrx_word' id='word_1_111' title='bbox 948 1521 1006 1608; x_wconf 91' lang='lat' dir='ltr'><strong>qui</strong></span> <span class='ocrx_word' id='word_1_112' title='bbox 1025 1518 1155 1604; x_wconf 86' lang='lat' dir='ltr'><strong>sequuti</strong></span> <span class='ocrx_word' id='word_1_113' title='bbox 1173 1515 1244 1580; x_wconf 84' lang='lat' dir='ltr'><strong>iuerat</strong></span> 
     </span>
     <span class='ocr_line' id='line_1_14' title="bbox 173 1618 1244 1706; baseline -0.01 -18"><span class='ocrx_word' id='word_1_114' title='bbox 173 1641 257 1688; x_wconf 89' lang='lat' dir='ltr'><strong>com.</strong></span> <span class='ocrx_word' id='word_1_115' title='bbox 298 1621 348 1687; x_wconf 80' lang='grc'><strong>111</strong></span> <span class='ocrx_word' id='word_1_116' title='bbox 372 1620 417 1687; x_wconf 90' lang='lat' dir='ltr'><strong>Et</strong></span> <span class='ocrx_word' id='word_1_117' title='bbox 436 1619 572 1688; x_wconf 88' lang='lat' dir='ltr'><strong>Scribae</strong></span> <span class='ocrx_word' id='word_1_118' title='bbox 599 1641 639 1685; x_wconf 90' lang='lat' dir='ltr'><strong>ac</strong></span> <span class='ocrx_word' id='word_1_119' title='bbox 657 1618 839 1699; x_wconf 81' lang='lat' dir='ltr'><strong>Pharisaei,</strong></span> <span class='ocrx_word' id='word_1_120' title='bbox 863 1641 962 1706; x_wconf 87' lang='lat' dir='ltr'><strong>quum</strong></span> <span class='ocrx_word' id='word_1_121' title='bbox 982 1619 1140 1685; x_wconf 83' lang='lat' dir='ltr'><strong>vidissent</strong></span> <span class='ocrx_word' id='word_1_122' title='bbox 1157 1631 1244 1681; x_wconf 85' lang='lat' dir='ltr'><strong>auno</strong></span> 
     </span>
     <span class='ocr_line' id='line_1_15' title="bbox 170 1711 1244 1810; baseline -0.007 -22"><span class='ocrx_word' id='word_1_123' title='bbox 170 1724 315 1810; x_wconf 76' lang='lat' dir='ltr'><strong>piantem</strong></span> <span class='ocrx_word' id='word_1_124' title='bbox 334 1719 441 1788; x_wconf 84' lang='grc' dir='ltr'>ι11ιιιιιι</span> <span class='ocrx_word' id='word_1_125' title='bbox 463 1741 535 1787; x_wconf 92' lang='lat' dir='ltr'><strong>eum</strong></span> <span class='ocrx_word' id='word_1_126' title='bbox 556 1719 741 1808; x_wconf 82' lang='lat' dir='ltr'><strong>publicanis</strong></span> <span class='ocrx_word' id='word_1_127' title='bbox 764 1731 797 1785; x_wconf 88' lang='lat' dir='ltr'><strong>et</strong></span> <span class='ocrx_word' id='word_1_128' title='bbox 818 1718 1063 1808; x_wconf 84' lang='lat' dir='ltr'><strong>peccatoribus,</strong></span> <span class='ocrx_word' id='word_1_129' title='bbox 1085 1711 1244 1802; x_wconf 79' lang='lat' dir='ltr'><strong>dicabantd}</strong></span> 
     </span>
     <span class='ocr_line' id='line_1_16' title="bbox 170 1813 1244 1917; baseline -0.006 -29"><span class='ocrx_word' id='word_1_130' title='bbox 170 1821 305 1910; x_wconf 76' lang='lat' dir='ltr'><strong>scipulis</strong></span> <span class='ocrx_word' id='word_1_131' title='bbox 325 1823 406 1900; x_wconf 86' lang='lat' dir='ltr'><strong>eius,</strong></span> <span class='ocrx_word' id='word_1_132' title='bbox 427 1821 517 1917; x_wconf 86' lang='lat' dir='ltr'><strong>Quid</strong></span> <span class='ocrx_word' id='word_1_133' title='bbox 539 1831 597 1902; x_wconf 89' lang='lat' dir='ltr'><strong>cat,</strong></span> <span class='ocrx_word' id='word_1_134' title='bbox 617 1819 708 1910; x_wconf 88' lang='lat' dir='ltr'><strong>quod</strong></span> <span class='ocrx_word' id='word_1_135' title='bbox 729 1842 801 1886; x_wconf 90' lang='lat' dir='ltr'><strong>cnm</strong></span> <span class='ocrx_word' id='word_1_136' title='bbox 822 1815 1005 1907; x_wconf 85' lang='lat' dir='ltr'><strong>publicanis</strong></span> <span class='ocrx_word' id='word_1_137' title='bbox 1025 1831 1061 1886; x_wconf 94' lang='lat' dir='ltr'><strong>et</strong></span> <span class='ocrx_word' id='word_1_138' title='bbox 1080 1813 1244 1908; x_wconf 80' lang='lat' dir='ltr'><strong>peecatoribt</strong></span> 
     </span>
     <span class='ocr_line' id='line_1_17' title="bbox 172 1915 1244 2006; baseline -0.006 -16"><span class='ocrx_word' id='word_1_139' title='bbox 172 1921 240 1990; x_wconf 92' lang='lat' dir='ltr'><strong>odit</strong></span> <span class='ocrx_word' id='word_1_140' title='bbox 262 1944 301 1988; x_wconf 90' lang='lat' dir='ltr'><strong>ac</strong></span> <span class='ocrx_word' id='word_1_141' title='bbox 319 1919 422 1990; x_wconf 83' lang='lat' dir='ltr'><strong>bibiti</strong></span> <span class='ocrx_word' id='word_1_142' title='bbox 464 1922 515 1989; x_wconf 82' lang='lat'><strong>17.</strong></span> <span class='ocrx_word' id='word_1_143' title='bbox 545 1923 620 1988; x_wconf 86' lang='lat' dir='ltr'><strong>Hoc</strong></span> <span class='ocrx_word' id='word_1_144' title='bbox 638 1920 751 1987; x_wconf 86' lang='lat' dir='ltr'><strong>andito</strong></span> <span class='ocrx_word' id='word_1_145' title='bbox 772 1920 863 1986; x_wconf 79' lang='lat' dir='ltr'><strong>lema</strong></span> <span class='ocrx_word' id='word_1_146' title='bbox 884 1924 929 1986; x_wconf 85' lang='lat' dir='ltr'><strong>ait</strong></span> <span class='ocrx_word' id='word_1_147' title='bbox 948 1918 1028 2000; x_wconf 88' lang='lat' dir='ltr'><strong>iilis,</strong></span> <span class='ocrx_word' id='word_1_148' title='bbox 1047 1921 1124 1986; x_wconf 84' lang='lat' dir='ltr'><strong>Non</strong></span> <span class='ocrx_word' id='word_1_149' title='bbox 1142 1915 1244 2006; x_wconf 84' lang='lat' dir='ltr'><strong>oposit</strong></span> 
     </span>
     <span class='ocr_line' id='line_1_18' title="bbox 170 2015 1244 2112; baseline -0.005 -23"><span class='ocrx_word' id='word_1_150' title='bbox 170 2021 267 2103; x_wconf 84' lang='lat' dir='ltr'><strong>bant,</strong></span> <span class='ocrx_word' id='word_1_151' title='bbox 293 2025 349 2110; x_wconf 87' lang='lat' dir='ltr'><strong>qni</strong></span> <span class='ocrx_word' id='word_1_152' title='bbox 373 2019 475 2087; x_wconf 83' lang='lat' dir='ltr'><strong>validi</strong></span> <span class='ocrx_word' id='word_1_153' title='bbox 496 2030 582 2101; x_wconf 85' lang='lat' dir='ltr'><strong>sunt,</strong></span> <span class='ocrx_word' id='word_1_154' title='bbox 607 2020 753 2099; x_wconf 85' lang='lat' dir='ltr'><strong>medico,</strong></span> <span class='ocrx_word' id='word_1_155' title='bbox 782 2018 843 2086; x_wconf 89' lang='lat' dir='ltr'><strong>sed</strong></span> <span class='ocrx_word' id='word_1_156' title='bbox 864 2021 921 2108; x_wconf 89' lang='lat' dir='ltr'><strong>qui</strong></span> <span class='ocrx_word' id='word_1_157' title='bbox 941 2019 1026 2088; x_wconf 86' lang='lat' dir='ltr'><strong>male</strong></span> <span class='ocrx_word' id='word_1_158' title='bbox 1056 2019 1176 2091; x_wconf 82' lang='lat' dir='ltr'><strong>habent.</strong></span> <span class='ocrx_word' id='word_1_159' title='bbox 1206 2015 1244 2112; x_wconf 74' lang='lat' dir='ltr'><strong>tta·</strong></span> 
     </span>
     <span class='ocr_line' id='line_1_19' title="bbox 170 2117 1243 2208; baseline -0.007 -18"><span class='ocrx_word' id='word_1_160' title='bbox 170 2123 247 2192; x_wconf 84' lang='lat' dir='ltr'><strong>reni</strong></span> <span class='ocrx_word' id='word_1_161' title='bbox 268 2121 310 2189; x_wconf 92' lang='lat' dir='ltr'><strong>ad</strong></span> <span class='ocrx_word' id='word_1_162' title='bbox 330 2120 512 2189; x_wconf 86' lang='lat' dir='ltr'><strong>vocandum</strong></span> <span class='ocrx_word' id='word_1_163' title='bbox 532 2123 646 2201; x_wconf 82' lang='lat' dir='ltr'><strong>iustos,</strong></span> <span class='ocrx_word' id='word_1_164' title='bbox 663 2118 724 2189; x_wconf 91' lang='lat' dir='ltr'><strong>sed</strong></span> <span class='ocrx_word' id='word_1_165' title='bbox 744 2130 933 2206; x_wconf 75' lang='lat' dir='ltr'><strong>peccatores</strong></span> <span class='ocrx_word' id='word_1_166' title='bbox 954 2117 996 2188; x_wconf 90' lang='lat' dir='ltr'><strong>ad</strong></span> <span class='ocrx_word' id='word_1_167' title='bbox 1017 2123 1243 2208; x_wconf 71' lang='lat' dir='ltr'><strong>poenitentiam</strong></span> 
     </span>
    </p>
   </div>
   <div class='ocr_carea' id='block_1_4' title="bbox 164 2251 1244 3250">
    <p class='ocr_par' dir='ltr' id='par_1_4' title="bbox 164 2251 1244 3250">
     <span class='ocr_line' id='line_1_20' title="bbox 252 2251 1243 2345; baseline 0 -24"><span class='ocrx_word' id='word_1_168' title='bbox 252 2251 356 2322; x_wconf 84' lang='lat' dir='ltr'><strong>LUC·</strong></span> <span class='ocrx_word' id='word_1_169' title='bbox 377 2256 419 2320; x_wconf 82' lang='lat' dir='ltr'><strong>V.</strong></span> <span class='ocrx_word' id='word_1_170' title='bbox 461 2255 512 2321; x_wconf 72' lang='lat'><strong>27.</strong></span> <span class='ocrx_word' id='word_1_171' title='bbox 539 2253 582 2320; x_wconf 89' lang='lat' dir='ltr'><strong>Et</strong></span> <span class='ocrx_word' id='word_1_172' title='bbox 603 2253 782 2342; x_wconf 88' lang='lat' dir='ltr'><strong>posthaec</strong></span> <span class='ocrx_word' id='word_1_173' title='bbox 803 2255 891 2334; x_wconf 84' lang='lat' dir='ltr'><strong>exiit,</strong></span> <span class='ocrx_word' id='word_1_174' title='bbox 924 2275 963 2319; x_wconf 91' lang='lat' dir='ltr'><strong>ae</strong></span> <span class='ocrx_word' id='word_1_175' title='bbox 985 2255 1070 2322; x_wconf 85' lang='lat' dir='ltr'><strong>vidit</strong></span> <span class='ocrx_word' id='word_1_176' title='bbox 1095 2255 1243 2345; x_wconf 85' lang='lat' dir='ltr'><strong>publicant</strong></span> 
     </span>
     <span class='ocr_line' id='line_1_21' title="bbox 168 2351 1244 2444; baseline -0.007 -18"><span class='ocrx_word' id='word_1_177' title='bbox 168 2358 301 2426; x_wconf 76' lang='lat' dir='ltr'><strong>nomme</strong></span> <span class='ocrx_word' id='word_1_178' title='bbox 321 2355 404 2422; x_wconf 81' lang='lat' dir='ltr'><strong>Levi</strong></span> <span class='ocrx_word' id='word_1_179' title='bbox 423 2351 592 2422; x_wconf 87' lang='lat' dir='ltr'><strong>sedentem</strong></span> <span class='ocrx_word' id='word_1_180' title='bbox 614 2353 656 2420; x_wconf 89' lang='lat' dir='ltr'><strong>ad</strong></span> <span class='ocrx_word' id='word_1_181' title='bbox 677 2353 845 2435; x_wconf 87' lang='lat' dir='ltr'><strong>telonium,</strong></span> <span class='ocrx_word' id='word_1_182' title='bbox 867 2367 900 2423; x_wconf 92' lang='lat' dir='ltr'><strong>et</strong></span> <span class='ocrx_word' id='word_1_183' title='bbox 920 2357 966 2424; x_wconf 84' lang='lat' dir='ltr'><strong>ait</strong></span> <span class='ocrx_word' id='word_1_184' title='bbox 984 2353 1048 2436; x_wconf 86' lang='lat' dir='ltr'><strong>illi,</strong></span> <span class='ocrx_word' id='word_1_185' title='bbox 1069 2357 1197 2444; x_wconf 76' lang='lat' dir='ltr'><strong>Sequere</strong></span> <span class='ocrx_word' id='word_1_186' title='bbox 1213 2367 1244 2419; x_wconf 82' lang='lat' dir='ltr'><strong>re</strong></span> 
     </span>
     <span class='ocr_line' id='line_1_22' title="bbox 167 2451 1241 2549; baseline -0.008 -23"><span class='ocrx_word' id='word_1_187' title='bbox 167 2461 219 2526; x_wconf 66' lang='grc'><strong>18</strong></span> <span class='ocrx_word' id='word_1_188' title='bbox 240 2459 348 2544; x_wconf 79' lang='lat' dir='ltr'><strong>Atque</strong></span> <span class='ocrx_word' id='word_1_189' title='bbox 369 2458 397 2520; x_wconf 87' lang='lat' dir='ltr'><strong>is</strong></span> <span class='ocrx_word' id='word_1_190' title='bbox 416 2453 537 2521; x_wconf 87' lang='lat' dir='ltr'><strong>relictis</strong></span> <span class='ocrx_word' id='word_1_191' title='bbox 558 2453 709 2522; x_wconf 89' lang='lat' dir='ltr'><strong>omuibus</strong></span> <span class='ocrx_word' id='word_1_192' title='bbox 729 2467 885 2546; x_wconf 85' lang='lat' dir='ltr'><strong>sequutus</strong></span> <span class='ocrx_word' id='word_1_193' title='bbox 900 2465 951 2522; x_wconf 87' lang='lat' dir='ltr'><strong>eet</strong></span> <span class='ocrx_word' id='word_1_194' title='bbox 967 2477 1051 2522; x_wconf 88' lang='lat' dir='ltr'><strong>eum.</strong></span> <span class='ocrx_word' id='word_1_195' title='bbox 1092 2459 1140 2524; x_wconf 73' lang='grc'><strong>29.</strong></span> <span class='ocrx_word' id='word_1_196' title='bbox 1156 2457 1189 2520; x_wconf 83' lang='lat' dir='ltr'><strong>Et</strong></span> <span class='ocrx_word' id='word_1_197' title='bbox 1204 2451 1241 2549; x_wconf 71' lang='lat' dir='ltr'><strong>iel</strong></span> 
     </span>
     <span class='ocr_line' id='line_1_23' title="bbox 168 2547 1239 2642; baseline -0.005 -17"><span class='ocrx_word' id='word_1_198' title='bbox 168 2557 219 2626; x_wconf 88' lang='lat' dir='ltr'><strong>iili</strong></span> <span class='ocrx_word' id='word_1_199' title='bbox 240 2557 423 2623; x_wconf 72' lang='lat' dir='ltr'><strong>musinium</strong></span> <span class='ocrx_word' id='word_1_200' title='bbox 444 2573 593 2642; x_wconf 79' lang='lat' dir='ltr'><strong>magnum</strong></span> <span class='ocrx_word' id='word_1_201' title='bbox 603 2556 687 2622; x_wconf 84' lang='lat' dir='ltr'><strong>Levi</strong></span> <span class='ocrx_word' id='word_1_202' title='bbox 703 2559 738 2624; x_wconf 92' lang='lat' dir='ltr'><strong>in</strong></span> <span class='ocrx_word' id='word_1_203' title='bbox 753 2557 851 2624; x_wconf 93' lang='lat' dir='ltr'><strong>domo</strong></span> <span class='ocrx_word' id='word_1_204' title='bbox 872 2576 939 2638; x_wconf 86' lang='lat' dir='ltr'><strong>sua,</strong></span> <span class='ocrx_word' id='word_1_205' title='bbox 959 2567 1075 2625; x_wconf 88' lang='lat' dir='ltr'><strong>etcrat</strong></span> <span class='ocrx_word' id='word_1_206' title='bbox 1093 2547 1239 2641; x_wconf 79' lang='lat' dir='ltr'><strong>turbannl</strong></span> 
     </span>
     <span class='ocr_line' id='line_1_24' title="bbox 167 2646 1240 2746; baseline 0 -23"><span class='ocrx_word' id='word_1_207' title='bbox 167 2655 416 2746; x_wconf 74' lang='lat' dir='ltr'><strong>publicanorum</strong></span> <span class='ocrx_word' id='word_1_208' title='bbox 438 2663 470 2719; x_wconf 93' lang='lat' dir='ltr'><strong>et</strong></span> <span class='ocrx_word' id='word_1_209' title='bbox 491 2653 637 2736; x_wconf 89' lang='lat' dir='ltr'><strong>aliorum,</strong></span> <span class='ocrx_word' id='word_1_210' title='bbox 660 2657 716 2744; x_wconf 91' lang='lat' dir='ltr'><strong>qui</strong></span> <span class='ocrx_word' id='word_1_211' title='bbox 737 2680 808 2726; x_wconf 91' lang='lat' dir='ltr'><strong>com</strong></span> <span class='ocrx_word' id='word_1_212' title='bbox 829 2657 895 2726; x_wconf 90' lang='lat' dir='ltr'><strong>illis</strong></span> <span class='ocrx_word' id='word_1_213' title='bbox 917 2657 1155 2728; x_wconf 85' lang='lat' dir='ltr'><strong>accumbebant</strong></span> <span class='ocrx_word' id='word_1_214' title='bbox 1175 2646 1240 2734; x_wconf 71' lang='lat' dir='ltr'><strong>illl</strong></span> 
     </span>
     <span class='ocr_line' id='line_1_25' title="bbox 166 2751 1220 2848; baseline -0.002 -24"><span class='ocrx_word' id='word_1_215' title='bbox 166 2753 408 2824; x_wconf 74' lang='lat' dir='ltr'><strong>murmurabant</strong></span> <span class='ocrx_word' id='word_1_216' title='bbox 428 2751 562 2822; x_wconf 82' lang='lat' dir='ltr'><strong>Scribas</strong></span> <span class='ocrx_word' id='word_1_217' title='bbox 593 2767 626 2822; x_wconf 89' lang='lat' dir='ltr'><strong>et</strong></span> <span class='ocrx_word' id='word_1_218' title='bbox 646 2758 811 2824; x_wconf 84' lang='lat' dir='ltr'><strong>Pharisaei</strong></span> <span class='ocrx_word' id='word_1_219' title='bbox 838 2758 994 2825; x_wconf 83' lang='lat' dir='ltr'><strong>adversus</strong></span> <span class='ocrx_word' id='word_1_220' title='bbox 1021 2757 1185 2848; x_wconf 88' lang='lat' dir='ltr'><strong>discipulos</strong></span> <span class='ocrx_word' id='word_1_221' title='bbox 1214 2755 1220 2768; x_wconf 86' lang='lat'>&#39;</span> 
     </span>
     <span class='ocr_line' id='line_1_26' title="bbox 167 2853 1209 2950; baseline -0.004 -27"><span class='ocrx_word' id='word_1_222' title='bbox 167 2857 328 2935; x_wconf 87' lang='lat' dir='ltr'><strong>dicentes,</strong></span> <span class='ocrx_word' id='word_1_223' title='bbox 359 2853 474 2942; x_wconf 86' lang='lat' dir='ltr'><strong>Quare</strong></span> <span class='ocrx_word' id='word_1_224' title='bbox 511 2875 582 2922; x_wconf 90' lang='lat' dir='ltr'><strong>cum</strong></span> <span class='ocrx_word' id='word_1_225' title='bbox 608 2854 793 2944; x_wconf 83' lang='lat' dir='ltr'><strong>publicanis</strong></span> <span class='ocrx_word' id='word_1_226' title='bbox 824 2865 858 2926; x_wconf 90' lang='lat' dir='ltr'><strong>et</strong></span> <span class='ocrx_word' id='word_1_227' title='bbox 883 2859 1111 2950; x_wconf 85' lang='lat' dir='ltr'><strong>peccatoribus</strong></span> <span class='ocrx_word' id='word_1_228' title='bbox 1135 2857 1209 2925; x_wconf 87' lang='lat' dir='ltr'><strong>editis</strong></span> 
     </span>
     <span class='ocr_line' id='line_1_27' title="bbox 164 2953 1192 3042; baseline -0.002 -18"><span class='ocrx_word' id='word_1_229' title='bbox 164 2955 295 3024; x_wconf 80' lang='lat' dir='ltr'><strong>bibitis?</strong></span> <span class='ocrx_word' id='word_1_230' title='bbox 335 2953 388 3021; x_wconf 83' lang='lat'><strong>31.</strong></span> <span class='ocrx_word' id='word_1_231' title='bbox 407 2953 451 3021; x_wconf 88' lang='lat' dir='ltr'><strong>Et</strong></span> <span class='ocrx_word' id='word_1_232' title='bbox 470 2955 675 3042; x_wconf 88' lang='lat' dir='ltr'><strong>respondens</strong></span> <span class='ocrx_word' id='word_1_233' title='bbox 696 2959 785 3026; x_wconf 89' lang='lat' dir='ltr'><strong>lcsus</strong></span> <span class='ocrx_word' id='word_1_234' title='bbox 808 2959 887 3026; x_wconf 87' lang='lat' dir='ltr'><strong>dixit</strong></span> <span class='ocrx_word' id='word_1_235' title='bbox 908 2959 950 3028; x_wconf 91' lang='lat' dir='ltr'><strong>ad</strong></span> <span class='ocrx_word' id='word_1_236' title='bbox 971 2958 1062 3041; x_wconf 88' lang='lat' dir='ltr'><strong>illos,</strong></span> <span class='ocrx_word' id='word_1_237' title='bbox 1087 2961 1192 3028; x_wconf 88' lang='lat' dir='ltr'><strong>Nona</strong></span> 
     </span>
     <span class='ocr_line' id='line_1_28' title="bbox 164 3055 1186 3147; baseline 0 -23"><span class='ocrx_word' id='word_1_238' title='bbox 164 3059 224 3146; x_wconf 82' lang='lat' dir='ltr'><strong>qtri</strong></span> <span class='ocrx_word' id='word_1_239' title='bbox 242 3058 313 3124; x_wconf 81' lang='lat' dir='ltr'><strong>seni</strong></span> <span class='ocrx_word' id='word_1_240' title='bbox 333 3063 422 3134; x_wconf 88' lang='lat' dir='ltr'><strong>aunt,</strong></span> <span class='ocrx_word' id='word_1_241' title='bbox 442 3055 588 3137; x_wconf 87' lang='lat' dir='ltr'><strong>medico,</strong></span> <span class='ocrx_word' id='word_1_242' title='bbox 612 3055 673 3124; x_wconf 92' lang='lat' dir='ltr'><strong>sed</strong></span> <span class='ocrx_word' id='word_1_243' title='bbox 694 3060 751 3147; x_wconf 88' lang='lat' dir='ltr'><strong>qui</strong></span> <span class='ocrx_word' id='word_1_244' title='bbox 770 3059 855 3126; x_wconf 83' lang='lat' dir='ltr'><strong>mela</strong></span> <span class='ocrx_word' id='word_1_245' title='bbox 876 3059 1006 3128; x_wconf 87' lang='lat' dir='ltr'><strong>babent.</strong></span> <span class='ocrx_word' id='word_1_246' title='bbox 1053 3063 1105 3128; x_wconf 70' lang='lat'><strong>32</strong></span> <span class='ocrx_word' id='word_1_247' title='bbox 1121 3059 1186 3126; x_wconf 87' lang='lat' dir='ltr'><strong>Non</strong></span> 
     </span>
     <span class='ocr_line' id='line_1_29' title="bbox 166 3154 1149 3250; baseline 0.002 -26"><span class='ocrx_word' id='word_1_248' title='bbox 166 3155 407 3226; x_wconf 84' lang='lat' dir='ltr'><strong>advocandum</strong></span> <span class='ocrx_word' id='word_1_249' title='bbox 428 3157 540 3238; x_wconf 87' lang='lat' dir='ltr'><strong>iustos,</strong></span> <span class='ocrx_word' id='word_1_250' title='bbox 560 3157 621 3226; x_wconf 89' lang='lat' dir='ltr'><strong>aed</strong></span> <span class='ocrx_word' id='word_1_251' title='bbox 638 3169 829 3247; x_wconf 83' lang='lat' dir='ltr'><strong>peccatores</strong></span> <span class='ocrx_word' id='word_1_252' title='bbox 850 3154 892 3226; x_wconf 91' lang='lat' dir='ltr'><strong>ad</strong></span> <span class='ocrx_word' id='word_1_253' title='bbox 912 3162 1149 3250; x_wconf 85' lang='lat' dir='ltr'><strong>poenitentiam</strong></span> 
     </span>
    </p>
   </div>
   <div class='ocr_carea' id='block_1_5' title="bbox 237 3345 1182 3428">
    <p class='ocr_par' dir='ltr' id='par_1_5' title="bbox 237 3345 1182 3428">
     <span class='ocr_line' id='line_1_30' title="bbox 237 3345 1182 3428; baseline 0.002 -20"><span class='ocrx_word' id='word_1_254' title='bbox 237 3345 344 3410; x_wconf 77' lang='lat' dir='ltr'><strong>staret.</strong></span> <span class='ocrx_word' id='word_1_255' title='bbox 362 3351 391 3414; x_wconf 84' lang='grc'><strong>9.</strong></span> <span class='ocrx_word' id='word_1_256' title='bbox 432 3345 520 3409; x_wconf 78' lang='lat' dir='ltr'><strong>Vidit</strong></span> <span class='ocrx_word' id='word_1_257' title='bbox 541 3345 682 3410; x_wconf 71' lang='lat' dir='ltr'><strong>aedem</strong></span> <span class='ocrx_word' id='word_1_258' title='bbox 705 3345 750 3412; x_wconf 88' lang='lat' dir='ltr'><strong>od</strong></span> <span class='ocrx_word' id='word_1_259' title='bbox 775 3349 921 3414; x_wconf 56' lang='lat' dir='ltr'><em>m</em></span> <span class='ocrx_word' id='word_1_260' title='bbox 972 3349 1066 3428; x_wconf 86' lang='lat' dir='ltr'><strong>Quod</strong></span> <span class='ocrx_word' id='word_1_261' title='bbox 1085 3347 1182 3416; x_wconf 85' lang='lat' dir='ltr'><strong>blattba</strong></span> 
     </span>
    </p>
   </div>
   <div class='ocr_carea' id='block_1_6' title="bbox 152 3419 1212 4352">
    <p class='ocr_par' dir='ltr' id='par_1_6' title="bbox 152 3419 1212 4352">
     <span class='ocr_line' id='line_1_31' title="bbox 162 3419 1212 3511; baseline 0.001 -25"><span class='ocrx_word' id='word_1_262' title='bbox 162 3424 278 3489; x_wconf 87' lang='lat' dir='ltr'><strong>telonio</strong></span> <span class='ocrx_word' id='word_1_263' title='bbox 298 3424 365 3504; x_wconf 90' lang='lat' dir='ltr'><strong>(qni</strong></span> <span class='ocrx_word' id='word_1_264' title='bbox 382 3419 466 3486; x_wconf 90' lang='lat' dir='ltr'><strong>locus</strong></span> <span class='ocrx_word' id='word_1_265' title='bbox 485 3425 593 3505; x_wconf 85' lang='lat' dir='ltr'><strong>rapinis</strong></span> <span class='ocrx_word' id='word_1_266' title='bbox 614 3439 644 3487; x_wconf 90' lang='lat' dir='ltr'><strong>et</strong></span> <span class='ocrx_word' id='word_1_267' title='bbox 663 3426 778 3490; x_wconf 84' lang='lat' dir='ltr'><strong>iniustis</strong></span> <span class='ocrx_word' id='word_1_268' title='bbox 798 3425 1000 3493; x_wconf 74' lang='lat' dir='ltr'><strong>erectionibus</strong></span> <span class='ocrx_word' id='word_1_269' title='bbox 1020 3427 1134 3492; x_wconf 84' lang='lat' dir='ltr'><strong>deditus</strong></span> <span class='ocrx_word' id='word_1_270' title='bbox 1151 3443 1212 3511; x_wconf 45' lang='lat' dir='ltr'><strong>ese·</strong></span> 
     </span>
     <span class='ocr_line' id='line_1_32' title="bbox 160 3499 1164 3582; baseline 0.004 -20"><span class='ocrx_word' id='word_1_271' title='bbox 160 3499 220 3576; x_wconf 82' lang='lat' dir='ltr'><strong>let,</strong></span> <span class='ocrx_word' id='word_1_272' title='bbox 242 3512 316 3561; x_wconf 92' lang='lat' dir='ltr'><strong>tnnc</strong></span> <span class='ocrx_word' id='word_1_273' title='bbox 334 3519 406 3562; x_wconf 80' lang='lat' dir='ltr'><strong>aero</strong></span> <span class='ocrx_word' id='word_1_274' title='bbox 424 3501 546 3562; x_wconf 80' lang='lat' dir='ltr'><strong>maxime</strong></span> <span class='ocrx_word' id='word_1_275' title='bbox 565 3501 681 3566; x_wconf 77' lang='lat' dir='ltr'><strong>infamis</strong></span> <span class='ocrx_word' id='word_1_276' title='bbox 700 3505 778 3582; x_wconf 89' lang='lat' dir='ltr'><strong>erat)</strong></span> <span class='ocrx_word' id='word_1_277' title='bbox 803 3524 866 3568; x_wconf 85' lang='lat' dir='ltr'><strong>non</strong></span> <span class='ocrx_word' id='word_1_278' title='bbox 889 3506 980 3567; x_wconf 80' lang='lat' dir='ltr'><strong>nodo</strong></span> <span class='ocrx_word' id='word_1_279' title='bbox 1005 3505 1039 3568; x_wconf 92' lang='lat' dir='ltr'><strong>in</strong></span> <span class='ocrx_word' id='word_1_280' title='bbox 1062 3503 1164 3570; x_wconf 86' lang='lat' dir='ltr'><strong>contub</strong></span> 
     </span>
     <span class='ocr_line' id='line_1_33' title="bbox 162 3575 1205 3664; baseline 0 -26"><span class='ocrx_word' id='word_1_281' title='bbox 162 3576 274 3638; x_wconf 86' lang='lat' dir='ltr'><strong>Cbristi</strong></span> <span class='ocrx_word' id='word_1_282' title='bbox 293 3575 354 3638; x_wconf 84' lang='lat' dir='ltr'><strong>reci</strong></span> <span class='ocrx_word' id='word_1_283' title='bbox 375 3577 444 3653; x_wconf 86' lang='lat' dir='ltr'><strong>itur,</strong></span> <span class='ocrx_word' id='word_1_284' title='bbox 460 3577 513 3638; x_wconf 88' lang='lat' dir='ltr'><strong>aed</strong></span> <span class='ocrx_word' id='word_1_285' title='bbox 533 3577 621 3638; x_wconf 88' lang='lat' dir='ltr'><strong>etiam</strong></span> <span class='ocrx_word' id='word_1_286' title='bbox 641 3579 678 3640; x_wconf 88' lang='lat' dir='ltr'><strong>ad</strong></span> <span class='ocrx_word' id='word_1_287' title='bbox 696 3601 803 3642; x_wconf 87' lang='lat' dir='ltr'><strong>rnuaue</strong></span> <span class='ocrx_word' id='word_1_288' title='bbox 823 3579 1029 3664; x_wconf 75' lang='lat' dir='ltr'><strong>Apostolicuru</strong></span> <span class='ocrx_word' id='word_1_289' title='bbox 1049 3593 1169 3652; x_wconf 80' lang='lat' dir='ltr'><strong>vocator,</strong></span> <span class='ocrx_word' id='word_1_290' title='bbox 1184 3577 1205 3634; x_wconf 85' lang='lat' dir='ltr'><strong>in</strong></span> 
     </span>
     <span class='ocr_line' id='line_1_34' title="bbox 160 3597 1196 3744; baseline 0.002 -32"><span class='ocrx_word' id='word_1_291' title='bbox 160 3652 301 3715; x_wconf 82' lang='lat' dir='ltr'><strong>babemus</strong></span> <span class='ocrx_word' id='word_1_292' title='bbox 326 3597 440 3744; x_wconf 60' lang='lat' dir='ltr'><strong>illustre</strong></span> <span class='ocrx_word' id='word_1_293' title='bbox 464 3655 577 3734; x_wconf 82' lang='lat' dir='ltr'><strong>gratiae</strong></span> <span class='ocrx_word' id='word_1_294' title='bbox 599 3654 659 3716; x_wconf 87' lang='lat' dir='ltr'><strong>Dei</strong></span> <span class='ocrx_word' id='word_1_295' title='bbox 682 3656 836 3738; x_wconf 79' lang='lat' dir='ltr'><strong>exemplar.</strong></span> <span class='ocrx_word' id='word_1_296' title='bbox 880 3658 984 3719; x_wconf 81' lang='lat' dir='ltr'><strong>Voluit</strong></span> <span class='ocrx_word' id='word_1_297' title='bbox 1005 3659 1118 3720; x_wconf 83' lang='lat' dir='ltr'><strong>scilicet</strong></span> <span class='ocrx_word' id='word_1_298' title='bbox 1139 3653 1196 3716; x_wconf 81' lang='lat' dir='ltr'><strong>et&#39;</strong></span> 
     </span>
     <span class='ocr_line' id='line_1_35' title="bbox 159 3727 1177 3814; baseline 0.007 -24"><span class='ocrx_word' id='word_1_299' title='bbox 159 3749 224 3790; x_wconf 88' lang='lat' dir='ltr'><strong>non</strong></span> <span class='ocrx_word' id='word_1_300' title='bbox 242 3728 337 3790; x_wconf 85' lang='lat' dir='ltr'><strong>solnm</strong></span> <span class='ocrx_word' id='word_1_301' title='bbox 356 3727 462 3790; x_wconf 85' lang='lat' dir='ltr'><strong>idrotas</strong></span> <span class='ocrx_word' id='word_1_302' title='bbox 481 3741 512 3790; x_wconf 91' lang='lat' dir='ltr'><strong>et</strong></span> <span class='ocrx_word' id='word_1_303' title='bbox 530 3752 641 3794; x_wconf 84' lang='lat' dir='ltr'><strong>crassos</strong></span> <span class='ocrx_word' id='word_1_304' title='bbox 660 3730 796 3795; x_wconf 86' lang='lat' dir='ltr'><strong>bomiaee</strong></span> <span class='ocrx_word' id='word_1_305' title='bbox 814 3733 846 3796; x_wconf 83' lang='lat' dir='ltr'><strong>in</strong></span> <span class='ocrx_word' id='word_1_306' title='bbox 865 3733 947 3796; x_wconf 82' lang='lat' dir='ltr'><strong>illum</strong></span> <span class='ocrx_word' id='word_1_307' title='bbox 959 3735 1094 3797; x_wconf 66' lang='lat' dir='ltr'><strong>udinem</strong></span> <span class='ocrx_word' id='word_1_308' title='bbox 1111 3730 1177 3814; x_wconf 74' lang='lat' dir='ltr'><strong>elige</strong></span> 
     </span>
     <span class='ocr_line' id='line_1_36' title="bbox 158 3803 1184 3896; baseline 0.002 -28"><span class='ocrx_word' id='word_1_309' title='bbox 158 3803 329 3896; x_wconf 77' lang='lat' dir='ltr'><strong>sapientiem</strong></span> <span class='ocrx_word' id='word_1_310' title='bbox 348 3803 451 3866; x_wconf 87' lang='lat' dir='ltr'><strong>mundi</strong></span> <span class='ocrx_word' id='word_1_311' title='bbox 465 3803 615 3884; x_wconf 81' lang='lat' dir='ltr'><strong>deiiceret,</strong></span> <span class='ocrx_word' id='word_1_312' title='bbox 632 3809 683 3870; x_wconf 89' lang='lat' dir='ltr'><strong>sed</strong></span> <span class='ocrx_word' id='word_1_313' title='bbox 704 3809 913 3890; x_wconf 78' lang='lat' dir='ltr'><strong>huncquoque</strong></span> <span class='ocrx_word' id='word_1_314' title='bbox 932 3807 1127 3894; x_wconf 72' lang='lat' dir='ltr'><strong>publicanum,</strong></span> <span class='ocrx_word' id='word_1_315' title='bbox 1143 3805 1184 3888; x_wconf 74' lang='lat' dir='ltr'><strong>qni</strong></span> 
     </span>
     <span class='ocr_line' id='line_1_37' title="bbox 157 3881 1197 3969; baseline 0.005 -30"><span class='ocrx_word' id='word_1_316' title='bbox 157 3899 251 3964; x_wconf 84' lang='lat' dir='ltr'><strong>genos</strong></span> <span class='ocrx_word' id='word_1_317' title='bbox 282 3901 377 3942; x_wconf 82' lang='lat' dir='ltr'><strong>manns</strong></span> <span class='ocrx_word' id='word_1_318' title='bbox 402 3881 562 3962; x_wconf 82' lang='lat' dir='ltr'><strong>probatum</strong></span> <span class='ocrx_word' id='word_1_319' title='bbox 586 3895 618 3943; x_wconf 88' lang='lat' dir='ltr'><strong>et</strong></span> <span class='ocrx_word' id='word_1_320' title='bbox 641 3885 727 3946; x_wconf 80' lang='lat' dir='ltr'><strong>variis</strong></span> <span class='ocrx_word' id='word_1_321' title='bbox 751 3885 928 3968; x_wconf 76' lang='lat' dir='ltr'><strong>corruptelis</strong></span> <span class='ocrx_word' id='word_1_322' title='bbox 950 3885 1120 3969; x_wconf 83' lang='lat' dir='ltr'><strong>implicitum</strong></span> <span class='ocrx_word' id='word_1_323' title='bbox 1140 3899 1197 3960; x_wconf 74' lang='lat' dir='ltr'><strong>seor</strong></span> 
     </span>
     <span class='ocr_line' id='line_1_38' title="bbox 158 3958 1184 4052; baseline 0.01 -34"><span class='ocrx_word' id='word_1_324' title='bbox 158 3968 233 4032; x_wconf 78' lang='lat' dir='ltr'><strong>erat,</strong></span> <span class='ocrx_word' id='word_1_325' title='bbox 251 3967 285 4018; x_wconf 89' lang='lat' dir='ltr'><strong>ut</strong></span> <span class='ocrx_word' id='word_1_326' title='bbox 302 3958 453 4039; x_wconf 79' lang='lat' dir='ltr'><strong>specimen</strong></span> <span class='ocrx_word' id='word_1_327' title='bbox 465 3960 699 4052; x_wconf 68' lang='lat' dir='ltr'><strong>eseetgratnitae</strong></span> <span class='ocrx_word' id='word_1_328' title='bbox 715 3981 784 4024; x_wconf 83' lang='lat' dir='ltr'><strong>auae</strong></span> <span class='ocrx_word' id='word_1_329' title='bbox 803 3961 955 4039; x_wconf 78' lang='lat' dir='ltr'><strong>bonitatis,</strong></span> <span class='ocrx_word' id='word_1_330' title='bbox 974 3959 1184 4042; x_wconf 64' lang='lat' dir='ltr'><strong>rememsis</strong></span> 
     </span>
     <span class='ocr_line' id='line_1_39' title="bbox 156 4038 1184 4114; baseline 0.005 -21"><span class='ocrx_word' id='word_1_331' title='bbox 156 4053 299 4114; x_wconf 86' lang='lat' dir='ltr'><strong>persona,</strong></span> <span class='ocrx_word' id='word_1_332' title='bbox 328 4045 458 4096; x_wconf 84' lang='lat' dir='ltr'><strong>nostram</strong></span> <span class='ocrx_word' id='word_1_333' title='bbox 490 4053 621 4096; x_wconf 85' lang='lat' dir='ltr'><strong>omarum</strong></span> <span class='ocrx_word' id='word_1_334' title='bbox 649 4038 836 4101; x_wconf 82' lang='lat' dir='ltr'><strong>vocationem</strong></span> <span class='ocrx_word' id='word_1_335' title='bbox 860 4058 923 4100; x_wconf 89' lang='lat' dir='ltr'><strong>non</strong></span> <span class='ocrx_word' id='word_1_336' title='bbox 943 4059 978 4102; x_wconf 81' lang='lat' dir='ltr'><strong>ea</strong></span> <span class='ocrx_word' id='word_1_337' title='bbox 1000 4040 1123 4102; x_wconf 87' lang='lat' dir='ltr'><strong>institiae</strong></span> <span class='ocrx_word' id='word_1_338' title='bbox 1156 4051 1184 4094; x_wconf 79' lang='lat' dir='ltr'><strong>ro</strong></span> 
     </span>
     <span class='ocr_line' id='line_1_40' title="bbox 154 4109 1162 4276; baseline 0.001 -31"><span class='ocrx_word' id='word_1_339' title='bbox 154 4109 302 4246; x_wconf 44' lang='lat' dir='ltr'><strong>bertillis</strong></span> <span class='ocrx_word' id='word_1_340' title='bbox 312 4110 363 4244; x_wconf 57' lang='lat' dir='ltr'><strong>subd</strong></span> <span class='ocrx_word' id='word_1_341' title='bbox 373 4128 625 4268; x_wconf 50' lang='lat' dir='ltr'><strong>cpmppepnppae</strong></span> <span class='ocrx_word' id='word_1_342' title='bbox 642 4111 818 4252; x_wconf 61' lang='lat' dir='ltr'><strong>dbdnrdbdd</strong></span> <span class='ocrx_word' id='word_1_343' title='bbox 835 4113 1101 4276; x_wconf 57' lang='lat' dir='ltr'><strong>deblilellprldcgd,</strong></span> <span class='ocrx_word' id='word_1_344' title='bbox 1117 4133 1162 4250; x_wconf 73' lang='lat' dir='ltr'><strong>seli</strong></span> 
     </span>
     <span class='ocr_line' id='line_1_41' title="bbox 152 4261 1162 4352; baseline 0.008 -29"><span class='ocrx_word' id='word_1_345' title='bbox 152 4261 355 4323; x_wconf 82' lang='lat' dir='ltr'><strong>testimoninm</strong></span> <span class='ocrx_word' id='word_1_346' title='bbox 373 4270 509 4342; x_wconf 70' lang='lat' dir='ltr'><strong>ectypas</strong></span> <span class='ocrx_word' id='word_1_347' title='bbox 528 4264 593 4325; x_wconf 79' lang='lat' dir='ltr'><strong>tate</strong></span> <span class='ocrx_word' id='word_1_348' title='bbox 639 4265 702 4328; x_wconf 87' lang='lat' dir='ltr'><strong>laur</strong></span> <span class='ocrx_word' id='word_1_349' title='bbox 721 4267 754 4327; x_wconf 88' lang='lat' dir='ltr'><strong>in</strong></span> <span class='ocrx_word' id='word_1_350' title='bbox 773 4287 812 4329; x_wconf 90' lang='lat' dir='ltr'><strong>eo</strong></span> <span class='ocrx_word' id='word_1_351' title='bbox 829 4269 1037 4352; x_wconf 60' lang='lat' dir='ltr'><strong>penitudinem</strong></span> <span class='ocrx_word' id='word_1_352' title='bbox 1054 4261 1162 4330; x_wconf 74' lang='lat' dir='ltr'><strong>eund</strong></span> 
     </span>
    </p>
   </div>
   <div class='ocr_carea' id='block_1_7' title="bbox 152 4335 1151 4448">
    <p class='ocr_par' dir='ltr' id='par_1_7' title="bbox 152 4335 1151 4448">
     <span class='ocr_line' id='line_1_42' title="bbox 152 4335 1151 4448; baseline 0.022 -48"><span class='ocrx_word' id='word_1_353' title='bbox 152 4349 242 4419; x_wconf 69' lang='lat' dir='ltr'><strong>auat,</strong></span> <span class='ocrx_word' id='word_1_354' title='bbox 263 4335 346 4420; x_wconf 83' lang='lat' dir='ltr'><strong>qnod</strong></span> <span class='ocrx_word' id='word_1_355' title='bbox 364 4354 433 4420; x_wconf 78' lang='lat' dir='ltr'><strong>eura</strong></span> <span class='ocrx_word' id='word_1_356' title='bbox 451 4339 591 4404; x_wconf 70' lang='lat' dir='ltr'><strong>nudare</strong></span> <span class='ocrx_word' id='word_1_357' title='bbox 608 4353 771 4424; x_wconf 81' lang='lat' dir='ltr'><strong>perpetuae</strong></span> <span class='ocrx_word' id='word_1_358' title='bbox 788 4363 950 4414; x_wconf 74' lang='lat' dir='ltr'><strong>monae</strong></span> <span class='ocrx_word' id='word_1_359' title='bbox 968 4365 1032 4448; x_wconf 63' lang='lat' dir='ltr'><strong>non</strong></span> <span class='ocrx_word' id='word_1_360' title='bbox 1053 4343 1151 4427; x_wconf 77' lang='lat' dir='ltr'><strong>pudet,</strong></span> 
     </span>
    </p>
   </div>
   <div class='ocr_carea' id='block_1_8' title="bbox 0 0 1252 4852">
    <p class='ocr_par' dir='ltr' id='par_1_8' title="bbox 0 0 1252 4852">
     <span class='ocr_line' id='line_1_43' title="bbox 0 0 1252 4852; baseline 0 5"><span class='ocrx_word' id='word_1_361' title='bbox 0 0 1252 4852; x_wconf 95' lang='lat' dir='ltr'><strong> </strong></span> 
     </span>
    </p>
   </div>
  </div>
 </body>
</html>
