2618 4858
296 281 409 344 SECT.
429 281 541 344 xvm.
579 297 706 345 cunnus
725 299 904 348 verrentes
1108 289 1168 358 w

24 453 42 494 e
61 429 449 512 minutatumque
468 433 512 496 uui
531 433 618 496 nlulita
637 433 734 497 testari
752 433 884 514 voluerit,
904 455 936 500 ce
955 447 985 500 et
1003 455 1054 501 ens
1071 441 1168 508 omnis

25 509 86 572 nei
106 529 178 572 esse·
228 509 317 572 Sicut
337 509 421 570 cuam
440 510 622 592 praecipuum
640 511 822 588 sacrificium,
845 515 922 593 quod
939 535 954 576 a
974 515 1059 580 nobis
1077 518 1167 602 exigi.

26 599 91 660 tur,
115 597 161 645 est
188 583 278 646 nostri
300 583 461 678 abnegatio.
507 585 677 678 Quanquam
696 599 790 648 autem
810 610 900 650 sacres
920 589 1078 654 oblationes
1097 606 1166 660 tunc

27 683 90 722 nun
111 661 181 732 rite,
202 681 255 720 nec
275 661 305 720 in
323 661 465 744 legitimos
485 683 550 723 usus
572 661 654 722 luisse
673 663 843 744 dispensetur
863 664 997 727 credibile
1016 679 1071 728 est:
1100 671 1166 752 quia

27 750 128 798 tamen
147 736 238 796 adim
251 735 366 818 rigebat
384 737 480 814 legalis
499 736 599 812 cultus,
617 739 683 800 iden
702 758 748 802 ess
766 761 825 801 nun
843 741 943 804 reiecit
961 742 1099 808 Christus.
1130 748 1167 809 Et

26 825 110 874 certe
137 812 232 874 iacere
259 833 319 872 uun
345 815 443 894 putuit
466 813 612 874 hominurn
636 815 814 908 corruptela,
842 817 909 910 puin
933 831 1028 882 uncte
1053 839 1088 884 ex
1110 823 1167 884 Dei

26 889 169 1026 mdix,
197 887 281 970 proli
311 888 371 952 eius
401 887 524 952 cultures
554 887 697 954 ciserrent
727 911 757 954 un
785 891 918 957 nauticis
948 907 979 958 et
1006 893 1076 958 alins
1105 897 1167 980 pios

26 987 112 1048 snmp

251 1377 502 1474 SECTIO
545 1379 710 1474 XVlll.
772 1411 952 1482 σεῦ-ιω)

335 1579 549 1636 CllRlS‘l'l
592 1580 865 1642 vertctttllt.

115 1817 218 1898 (185.)
258 1815 430 1884 ΜΑΤΤΗ.
451 1817 569 1886 xxiv.
613 1818 642 1884 l.
677 1819 720 1885 Et
741 1837 890 1906 egressus
909 1819 1000 1888 lesus
1023 1818 1169 1890 discede-

28 1919 89 1986 bat
109 1941 130 1986 e
151 1919 280 2008 templo,
303 1931 336 1986 et
357 1929 560 1987 accesserunt
581 1919 731 2007 discipuli
753 1923 832 2002 eius,
854 1931 890 1990 ut
912 1923 1117 1992 ostenderent
1139 1927 1169 1992 ei

27 2032 210 2088 structuras
233 2022 350 2110 templi.
408 2023 439 2088 2.
483 2025 573 2089 lesus
593 2032 698 2088 autern
718 2021 798 2089 dixit
817 2024 892 2102 illis,
913 2025 1032 2092 Nonne
1052 2026 1169 2094 videtis

1 2190 2 2198 ,
28 2125 113 2190 haec
139 2127 266 2191 cannia?
329 2145 422 2190 amen
454 2123 528 2192 dico
555 2123 668 2203 robis,
701 2145 769 2190 nou
795 2125 994 2212 relinquetur
1014 2127 1068 2192 hie
1087 2125 1169 2217 lapis

29 2249 131 2314 snper
154 2227 302 2314 lapidem,
325 2229 380 2313 qui
401 2247 470 2294 non
491 2225 679 2293 destruatur.
721 2227 754 2294 3.
784 2227 925 2293 Sedente
945 2237 1050 2294 eutem
1072 2249 1113 2296 eo
1134 2231 1170 2296 in

29 2339 143 2396 munte
159 2331 329 2396 Olivarum
351 2339 555 2396 accesserunt
575 2329 616 2396 ad
638 2349 711 2394 eum
732 2341 856 2396 secreto
880 2329 1039 2418 discipuli,
1062 2329 1170 2400 dicen·

29 2443 90 2510 tes,
109 2433 174 2497 Dic
194 2431 300 2512 nobis,
322 2431 452 2520 quando
474 2433 553 2498 haec
575 2442 677 2512 erunt,
703 2441 734 2496 et
756 2431 845 2518 quud
867 2433 992 2518 signum
1014 2431 1170 2502 adventus

30 2537 80 2600 tui
102 2544 134 2600 et
155 2537 439 2600 consummationis
462 2533 594 2600 saeculi.
637 2535 668 2600 d.
696 2533 737 2600 Et
758 2533 959 2622 respondens
981 2535 1071 2612 lesus
1093 2535 1171 2604 dixit

31 2640 90 2715 eis,
112 2635 241 2712 Videte,
263 2657 305 2701 ne
327 2639 400 2724 quis
421 2656 481 2700 vos
504 2635 645 2702 seducet.
698 2636 729 2704 5.
763 2637 861 2702 Multi
883 2638 966 2703 enim
987 2641 1116 2704 venient
1136 2639 1171 2704 iu

31 2740 166 2804 nornine
188 2759 277 2818 meo,
307 2737 463 2818 diceutes,
484 2739 555 2824 Ego
578 2761 649 2804 sum
673 2739 837 2808 Christusr
869 2739 1053 2829 multosque
1075 2739 1172 2810 sedn-

31 2850 117 2907 cent.
160 2841 191 2906 6.
216 2840 364 2908 Aridituri
387 2845 471 2906 eninr
493 2843 568 2906 estis
589 2839 684 2920 bella,
705 2853 737 2906 et
759 2863 905 2908 rumores
926 2840 1103 2910 bellorumr
1125 2845 1172 2912 vi-

1 2943 120 3025 ,dete,
146 2963 190 3009 ne
217 2941 404 3010 turbemini:
440 2953 568 3030 oportet
596 2945 679 3008 enim
702 2945 809 3009 omnin
831 2943 918 3024 lieri,
946 2945 1006 3011 sed
1028 2945 1172 3013 nondum

32 3055 84 3112 est
105 3043 190 3114 linis.
235 3045 264 3112 7.
288 3043 472 3132 Consurget
493 3047 576 3112 enim
598 3067 678 3132 gens
699 3055 812 3113 contre
831 3055 965 3133 gentem,
987 3057 1019 3114 et
1039 3070 1172 3136 regnum

31 3160 148 3216 eontra
176 3169 325 3236 reguum,
368 3158 400 3214 et
426 3157 520 3214 erunt
544 3147 756 3235 pestilentiae,
798 3156 831 3212 el
861 3148 976 3226 lama,
1008 3158 1040 3214 el
1068 3159 1174 3216 terrae

31 3261 142 3318 motus
163 3253 261 3317 variis
284 3249 375 3318 locis.
438 3249 471 3314 Β.
512 3251 602 3317 llaec
628 3259 734 3318 autem
755 3249 880 3326 omnis,
906 3249 997 3314 initia
1018 3255 1093 3317 sunt
1113 3247 1173 3314 do·

32 3353 153 3422 lorum.

120 3555 266 3625 MARC.
287 3555 372 3622 Xlll.
437 3556 467 3622 l.
509 3555 552 3622 Et
577 3576 675 3644 quum
702 3555 802 3622 exiret
823 3575 843 3620 e
864 3552 1003 3644 templo,
1028 3551 1111 3622 dicit
1127 3554 1175 3621 illi

35 3657 169 3746 quidam
192 3681 211 3724 e
234 3656 403 3747 discipulis
427 3661 506 3740 cius,
527 3657 732 3746 Praeceptor,
752 3656 828 3724 vide
849 3657 962 3746 quales
983 3656 1124 3746 lapides,
1146 3669 1177 3724 et

35 3761 150 3848 quales
171 3771 359 3828 structurae.
402 3761 433 3826 2.
457 3762 499 3826 Et
522 3763 615 3826 lesus
638 3759 840 3848 respondens
860 3763 904 3826 ait
921 3760 978 3835 illi,
1000 3761 1104 3828 Vides
1120 3761 1177 3826 ltus

35 3881 168 3948 magnas
190 3866 385 3928 structuras?
416 3883 484 3928 non
506 3863 706 3948 relinquetur
729 3863 810 3950 lapis
833 3885 929 3950 super
950 3862 1098 3952 lapidem,
1119 3853 1176 3950 qui

35 3985 105 4030 nou
129 3964 284 4032 diruatur.
327 3965 359 4030 3.
381 3965 423 4032 Et
445 3988 543 4052 quuur
567 3963 693 4031 sederet
713 3965 747 4030 in
770 3975 878 4032 munte
895 3965 1064 4032 Olivarum
1087 3986 1105 4028 e
1127 3986 1177 4028 re-

36 4071 135 4154 gione
162 4065 283 4156 templi,
315 4067 557 4154 interrogabant
583 4067 673 4132 illum
700 4078 824 4133 secretu
845 4069 958 4133 Petrus
980 4077 1011 4133 et
1031 4063 1179 4144 lacobus,

40 4181 70 4234 cl
91 4173 240 4249 loannes,
263 4179 294 4234 et
315 4168 471 4249 Andreas,
515 4169 545 4235 d.
566 4171 630 4235 Dic
651 4167 756 4248 nobis,
777 4168 907 4259 quando
929 4169 1010 4233 haec
1030 4177 1131 4248 erunt,
1148 4178 1180 4233 et

40 4271 131 4357 quud
158 4273 283 4359 signum
312 4281 375 4352 est,
406 4271 541 4360 quando
570 4271 784 4340 haecomnia
812 4281 887 4338 sunt
919 4269 1180 4336 consummanda.

41 4373 71 4438 5.
103 4377 149 4442 At
171 4377 262 4442 lesns
285 4375 488 4462 respondeus
507 4373 587 4456 illis,
614 4377 722 4464 coepit
743 4373 866 4455 dicere,
886 4372 1019 4522 vil‘ifi*
1044 4393 1087 4438 ne
1107 4375 1180 4462 quis
