2500 4852
156 245 214 310 les
424 241 536 306 SECT.
558 241 639 308 xvt.
676 255 753 305 csse
771 257 804 312 ιιι
825 254 1017 308 mesmes.

158 413 213 475 pro
234 402 316 458 certo
330 410 466 470 numero,
486 391 771 476 seductoribus,
795 391 989 474 querentis
1007 389 1127 453 annno

158 472 257 550 Atque
276 469 332 532 boc
351 491 434 532 sensu
454 435 561 560 bepitnr
554 413 614 530 ad
662 415 1235 546 ommost,15,ul›1iautusmn·estt

159 567 214 630 cpia
231 547 377 608 hominnm
395 558 476 628 parte
495 545 563 628 agit,
581 545 632 606 sed
649 558 744 608 mmm
763 473 917 608 1ιιιιι1ιιιιιιιι
934 566 1025 629 genus
1041 543 1212 624 complectier.

246 672 352 758 (166.)
397 671 565 740 ΜΑΤΤΗ.
586 675 651 738 ΧΧ.
692 673 746 738 29.
773 671 814 738 Et
836 669 1070 759 egredientibus
1089 669 1191 734 iliisad
1177 671 1236 736 die

159 775 261 855 richo,
282 786 416 862 sequuta
437 784 486 842 est
507 797 581 842 eum
603 773 698 842 turba
714 775 824 846 intrita.
867 777 921 842 30.
964 777 1004 840 Et
1025 795 1096 845 ecoe
1114 772 1233 838 duomeci

160 879 309 946 sedentes
337 879 424 944 iuxta
445 879 543 958 viani,
570 899 668 965 quum
696 877 876 956 audissent,
904 877 992 966 quod
1015 879 1101 942 iesus
1125 880 1234 945 transiret,

160 979 389 1060 clamaverunt,
418 977 574 1060 dicentes,
606 981 749 1047 Domine
777 982 928 1046 miserere
954 981 1070 1058 nostri,
1097 976 1139 1043 fiii
1159 977 1245 1042 Darii.

159 1085 213 1150 31.
243 1081 358 1154 narba
384 1091 488 1148 autem
515 1081 702 1170 increpabat
723 1104 793 1160 ens,
819 1094 856 1148 nt
876 1093 1028 1149 tacerent:
1055 1091 1087 1146 at
1112 1081 1152 1146 iiii
1173 1083 1243 1168 ιιιςῖο

160 1182 348 1264 clamabant,
370 1183 521 1268 dicentes,
542 1186 700 1270 Miserere
721 1186 824 1259 nostri
846 1185 998 1263 Domine,
1020 1181 1070 1248 iiii
1088 1181 1186 1254 nant.

159 1285 203 1355 Et
223 1289 309 1354 stetit
331 1287 437 1368 Iesus,
460 1299 491 1354 et
511 1291 641 1355 vocavit
662 1309 730 1368 eos,
752 1298 784 1354 et
804 1292 856 1369 ait,
879 1287 971 1376 Quid
992 1282 1103 1366 vultis,
1119 1295 1150 1350 ut
1167 1283 1240 1348 taen

160 1387 274 1456 vobis?
315 1389 370 1462 33.
391 1389 513 1456 Dicunt
535 1390 597 1469 iiii,
627 1391 782 1470 Domine,
810 1401 845 1456 ut
866 1393 1053 1478 aperiantur
1073 1385 1152 1456 osuii
1167 1387 1243 1450 nost''

160 1492 214 1573 34.
236 1493 390 1560 Miserius
411 1503 515 1558 autem
538 1493 628 1558 Issus
650 1495 752 1578 tetigit
782 1491 897 1558 oculos
920 1513 1048 1573 eornm,
1074 1501 1103 1556 et
1122 1509 1173 1555 con

159 1595 264 1662 vnum
284 1603 474 1682 receperunt
494 1617 606 1662 eorum
628 1594 725 1674 oculi,
748 1604 780 1662 ct
799 1595 930 1682 sequuti
952 1605 1029 1661 sunt
1051 1615 1129 1662 enm.

245 1725 385 1796 Mitte.
406 1731 444 1796 X.
471 1729 525 1806 to,
547 1729 590 1796 Et
610 1731 744 1796 veniunt
753 1729 888 1810 iericho,
909 1751 1075 1818 quumque
1090 1725 1240 1816 egrederctu

160 1829 203 1899 eb
217 1829 297 1898 urbe
308 1831 444 1910 Iericho,
466 1855 506 1898 ao
526 1832 678 1920 discipuli
700 1836 769 1899 eius
792 1843 825 1900 et
845 1830 939 1900 turbo
961 1836 1107 1920 copiosa,
1126 1829 1195 1894 iiiios
1209 1829 1243 1892 ii

158 1935 249 2013 maci,
272 1935 477 2014 bartimaeus,
499 1957 618 2000 coecus
640 1934 772 2001 sedebat
793 1937 878 2000 iuxta
899 1937 984 2000 viam
1007 1935 1184 2002 mendicans.

158 2034 202 2104 Et
222 2057 318 2123 quum
341 2035 498 2114 audisset,
527 2037 616 2124 quod
640 2041 730 2104 iesus
750 2038 940 2106 Nazarenus
968 2048 1070 2117 esset,
1096 2035 1186 2122 coepit

159 2159 249 2204 mare
271 2147 304 2204 et
325 2137 441 2220 dicere,
461 2137 525 2204 Fili
537 2138 643 2207 David
666 2141 901 2206 misereremei.
944 2139 1000 2208 48.
1022 2141 1066 2205 Et
1086 2143 1194 2222 increpa

160 2239 343 2321 eum-multi,
364 2251 400 2311 ut
413 2250 539 2307 taceret.
583 2243 626 2308 At
648 2241 702 2306 ilie
724 2243 825 2308 mutto
848 2245 945 2330 magis
967 2241 1130 2319 eiarnabat,
1149 2237 1196 2303 iiii

159 2341 225 2426 vid,
247 2345 398 2412 miserere
418 2345 491 2408 mei.
533 2345 585 2409 49.
606 2333 649 2412 Et
671 2347 757 2410 stetit
775 2347 872 2424 iesus,
893 2367 932 2410 ac
953 2347 1052 2412 iussit
1072 2343 1153 2412 iilum
1166 2361 1209 2404 ros

159 2445 203 2512 Et
223 2455 341 2521 vocant
359 2443 665 2528 coecumdicentes
679 2445 736 2525 iiii,
758 2448 853 2514 Bono
875 2449 984 2516 animo
1005 2459 1090 2516 estus
1110 2465 1194 2529 surgo

161 2556 213 2613 cat
226 2556 265 2614 te.
309 2547 363 2614 5⁰.
385 2545 445 2613 iiie
465 2567 555 2626 vero,
576 2547 702 2621 ebiecto
719 2547 820 2635 paiiio
835 2565 904 2628 sno,
927 2554 1074 2630 surrexit,
1095 2557 1125 2615 et
1142 2546 1207 2610 venit

160 2650 277 2726 Iesum.
319 2650 372 2722 61.
398 2651 442 2716 Et
459 2650 663 2738 respondens
685 2649 762 2720 dicit
783 2649 831 2716 iiii
853 2651 961 2733 iesus,
990 2651 1085 2740 Quid
1113 2647 1213 2716 visiaci

159 2749 238 2818 cibit
279 2751 411 2820 Coecns
432 2763 537 2818 autem
565 2751 649 2819 dixit
674 2755 719 2832 ei,
745 2752 913 2833 Rabboni‚
940 2765 977 2825 nt
999 2759 1105 2831 vienn
1130 2751 1206 2836 recipi

159 2851 213 2932 62.
236 2851 325 2917 iesus
347 2863 450 2918 autem
474 2855 552 2934 dixit
572 2853 629 2933 ilii,
651 2853 725 2935 Abi,
747 2853 829 2921 tides
851 2864 905 2922 tua
928 2865 959 2922 te
980 2858 1106 2924 salvum
1127 2856 1193 2920 iecit.
1220 2847 1237 2910 Ε

159 2955 309 3044 protinus
336 2958 458 3042 recepit
484 2959 603 3038 vissmr,
633 2967 664 3032 et
689 2957 884 3046 sequebatur
906 2959 1013 3036 baum
1035 2963 1072 3028 iu
1090 2961 1146 3035 via,

245 3089 348 3162 LUC·
361 3091 478 3160 xvsti.
500 3091 553 3176 35,
569 3091 696 3160 Accidit
708 3103 821 3174 aretem,
843 3115 940 3182 quum
956 3085 1239 3184 appropinquante

159 3191 261 3270 richo,
273 3214 390 3262 coecus
401 3193 529 3282 quidam
538 3194 670 3262 sedebat
682 3199 766 3264 iusta
778 3197 861 3264 viam
868 3196 1065 3268 mendicans.
1080 3200 1130 3264 36.
1141 3199 1176 3262 Et
1183 3213 1214 3278 qu

160 3295 285 3372 audiret
311 3295 437 3376 turbam
459 3306 726 3384 praetereuntem,
755 3299 985 3388 interrogabat,
1015 3301 1171 3390 quidhoc
1187 3315 1210 3358 ct

159 3393 213 3462 31.
234 3397 394 3466 Dixeruut
415 3409 519 3471 autem
542 3401 579 3480 ei,
602 3399 693 3488 quod
716 3403 805 3469 lesus
827 3401 1019 3472 Nazarenus
1041 3405 1184 3488 transiret.

161 3497 206 3563 Et
227 3497 373 3572 clamavit
400 3501 525 3584 disens,
551 3505 636 3582 lesu,
662 3503 711 3570 fili
732 3503 855 3582 David,
881 3507 1132 3574 misereremei.
1167 3499 1207 3566 39·

65 3687 74 3694 .
159 3601 215 3688 qui
236 3599 404 3686 praeibant
427 3604 632 3694 increpabant
654 3629 741 3688 eum,
768 3617 802 3673 ut
825 3618 950 3674 taceret.
994 3611 1068 3696 ipse
1089 3627 1160 3672 rero
1179 3595 1232 3666 uruit

158 3705 259 3790 magis
288 3703 454 3786 clarupbat,
475 3707 537 3774 Fili
559 3709 674 3790 David,
699 3712 849 3786 miserere
875 3713 946 3776 mei.
990 3711 1043 3776 40.
1065 3711 1154 3776 Statu
1177 3713 1239 3770 aot.

159 3804 249 3872 lesus
276 3808 368 3873 iussit
393 3809 483 3876 iiium
512 3811 631 3879 adduci
657 3812 697 3878 ad
724 3835 772 3882 se:
808 3823 840 3878 et
866 3833 964 3899 quum
992 3811 1243 3900 appropinquasset

159 3906 365 3994 interrogarit
381 3911 479 3992 iilum,
523 3915 575 3990 41.
597 3915 728 3993 Dicens,
751 3914 840 4000 Quid
863 3915 921 3982 tibi
943 3919 993 3981 vis
1016 3917 1145 3980 inciam?
1163 3913 1197 3976 it
1212 3901 1241 3970 iit

159 4006 247 4092 dixit,
268 4011 422 4094 Domine,
451 4025 486 4082 ut
507 4018 610 4094 vismn
631 4017 791 4104 recipiam.
837 4019 888 4088 m.
915 4019 1010 4084 Tunc
1030 4021 1117 4090 lesus
1145 4013 1208 4078 dixit
1222 4003 1242 4071 ci.

159 4111 281 4202 Recipe
292 4116 407 4184 vistim:
429 4115 512 4182 [ides
535 4126 589 4184 tua
610 4129 641 4184 tc
663 4119 785 4188 salvum
799 4121 879 4188 feeit.
923 4122 975 4186 43.
997 4121 1037 4188 Et
1059 4109 1236 4186 contentari

158 4233 229 4292 epto
243 4219 372 4304 recepit,
393 4239 431 4282 ac
452 4219 645 4305 sequebatur
667 4222 771 4304 iiluna,
797 4223 982 4312 glorificans
1003 4225 1104 4296 Deum
1125 4231 1152 4296 et
1170 4211 1234 4286 omn'

158 4312 267 4404 plebs,
290 4329 325 4386 ut
346 4318 434 4401 vidit,
457 4320 544 4400 dedit
566 4322 692 4400 laudeni
715 4327 815 4414 Deo,
