2504 4852
268 185 434 268 (rao-ao.
473 185 589 257 bunt
606 187 750 274 baptistae
767 189 851 272 nea)
1087 203 1125 268 'il

35 337 311 424 anthipuinan
330 341 478 406 sortium:
498 340 576 422 quasi
595 363 666 406 vero
686 353 840 408 rmactne
856 341 966 426 turpius
983 343 1029 420 sit,
1069 348 1126 415 uod

35 431 119 477 tenue
137 415 268 498 stulteque
290 417 435 500 promisit,
470 439 552 498 quam
578 419 632 486 sibi
656 430 787 482 constare
814 419 844 480 in
873 419 980 482 scelere
1004 367 1124 488 aeilrio.

35 495 117 552 lenm
134 493 260 574 pampro
277 493 359 556 solita
378 515 479 578 regum
502 494 625 556 vanitate
649 494 759 556 irritum
783 495 844 557 fieri
863 518 922 556 non
943 496 1016 573 vult,
1048 502 1124 581 quod

34 567 98 628 semel
113 569 233 650 protulit,
252 569 424 662 Prophetam
444 570 585 651 extemplo
604 570 684 631 iubet
703 571 803 632 occidi.
844 571 1012 656 colligimus
1030 587 1124 637 autern

33 645 126 706 barre
146 647 331 710 blacherontrs
355 647 503 710 Herodem
528 659 597 708 usne
626 667 773 724 coenasse,
804 647 854 710 uti
877 649 1015 731 Iosephus
1039 654 1124 714 tradit

32 723 137 782 loannem
156 719 235 784 luisse
253 723 411 785 detentum.
453 723 562 786 Notare
581 735 673 784 autem
697 725 942 806 operaepretium
966 737 1021 801 est,
1046 731 1123 810 quod

31 797 104 856 dsunt
117 797 313 882 Evangelistae,
328 810 451 880 propter
469 801 687 876 iusiurandum,
706 811 736 859 et
755 807 908 873 consinus,
929 801 976 883 qni
995 804 1121 866 aderant:

32 873 84 932 nde
98 873 253 957 colligimus,
274 877 299 936 si
320 877 429 938 centies
447 875 526 936 nnllo
544 887 618 938 teste
641 877 772 950 iurasset,
793 879 932 958 promisso
953 889 1047 940 umen
1067 881 1122 942 ιιιί-

32 949 84 1012 o'me
95 961 222 1014 suumn:
240 951 337 1017 lesisse,
361 953 428 1019 Non
442 970 514 1034 ergo
524 951 646 1016 interior
663 951 714 1014 reli
735 953 766 1016 io
783 954 953 1034 commiserit
963 955 1121 1034 Herodem,

31 1027 63 1086 sul
76 1049 138 1088 nera
154 1027 268 1088 ambitio
287 1028 471 1112 praecipitem
489 1027 592 1112 adegit,
628 1028 671 1089 uia
690 973 743 1092 sdi
763 1029 878 1092 minime
898 1029 1048 1092 honestum
1067 1033 1119 1096 du·

34 1114 95 1176 um,
115 1103 190 1165 fidem
209 1105 303 1166 mtam
324 1127 385 1165 non
404 1115 554 1186 praestare.
602 1051 647 1164 lqta
667 1103 699 1164 lit
717 1117 750 1166 nt
768 1105 847 1188 impii
865 1107 984 1168 subinde
1003 1109 1032 1167 in
1055 1107 1119 1168 offi-

35 1177 64 1237 cio
75 1179 196 1256 bbautnr,
219 1183 285 1262 qnia
299 1183 335 1242 ad
352 1184 443 1242 Deum
463 1181 579 1243 minime
598 1179 768 1262 respiciunt,
795 1184 852 1244 sed·
862 1194 972 1244 tantum
991 1185 1025 1244 ad
1043 1183 1120 1247 buno

30 1275 114 1345 smptus
131 1257 229 1321 intenti
248 1269 325 1331 ssent,
344 1279 383 1320 ne
401 1257 547 1320 bomiarum
565 1257 678 1340 probris
695 1257 867 1348 subiaceant
905 1261 998 1325 Porro
1018 1261 1118 1323 etiam-

30 1333 206 1394 usuusurandi
225 1333 358 1396 sanctitas
377 1345 502 1408 tanturm,
529 1345 560 1394 et
577 1354 637 1394 ιιοιι
656 1333 802 1394 hommum
821 1335 989 1398 verecundia
1011 1349 1119 1398 versata

31 1417 148 1470 nutante
167 1409 266 1470 omlos
287 1409 425 1484 Herodis,
449 1409 561 1493 gravius
584 1419 679 1470 umen
701 1409 829 1494 peccavit
850 1411 926 1490 quod
944 1409 1030 1473 stulte
1069 1434 1117 1474 ro-

32 1481 111 1544 deret
131 1488 322 1565 exsequendo,
402 1509 431 1546 ιιι
454 1485 479 1546 si
502 1485 692 1546 iusiurandum
716 1484 856 1551 violasset.
900 1486 1027 1558 Ρῑίιιιιιιι
1048 1435 1119 1551 lm

32 1555 65 1616 itit
77 1573 243 1698 praeparatu-r
261 1562 323 1632 iura
365 1563 372 1576 '
391 1560 528 1638 celeritas,
545 1563 623 1642 qaaod
641 1562 857 1646 promissionem
873 1562 915 1626 rei
933 1563 1035 1628 derbiae
1046 1585 1118 1626 con-

31 1631 102 1694 inat:
139 1637 218 1700 einde
237 1637 288 1698 ubi
310 1637 450 1732 apparuit,
474 1659 536 1698 non
559 1659 642 1719 posse
664 1635 804 1700 absolvis
825 1637 880 1700 lide
898 1639 976 1718 data,
1000 1637 1068 1724 quin
1086 1662 1118 1702 se

31 1709 117 1771 aiendo
134 1712 237 1776 scelere
257 1713 466 1798 obstringeret,
491 1735 552 1773 non
570 1713 650 1773 licuit
664 1736 774 1775 sacrum
794 1715 850 1776 Dei
870 1735 977 1777 nomen
999 1715 1048 1776 tali
1065 1715 1117 1777 fla-

30 1785 76 1866 p‘tio
91 1788 239 1865 involvere,
266 1792 336 1883 quid
361 1791 436 1852 eninr
460 1790 550 1872 magis
572 1789 694 1850 alienum
716 1792 831 1866 aDeo,
856 1812 939 1872 qnam
961 1801 994 1852 nt
1017 1793 1025 1808 '
1076 1793 1119 1854 'c

30 1861 235 1950 ttfipncsidsat?
253 1869 288 1930 Sa
302 1867 410 1950 privata
426 1867 533 1928 iactura
550 1866 661 1954 agitur,
714 1889 795 1930 eumn
813 1889 879 1934 sune
897 1813 1118 1946 stultitiam

30 1959 60 2016 qu
80 1951 172 2004 temere
197 1943 321 2006 iuravit:
355 1943 405 2004 sed
432 1943 546 2004 interim
577 1963 665 2002 caven
684 1966 731 2004 mn
761 1955 820 2021 cst,
854 1943 902 2006 ubi
931 1945 992 2026 quis
1014 1944 1116 2008 trusus

29 2015 113 2076 amsit
134 2039 235 2080 nomen
258 2021 332 2095 Dei,
365 2041 403 2080 ne
428 2019 486 2080 eius
511 2031 656 2100 praetextu
679 2019 797 2080 abutens
819 2019 853 2080 ad
876 2021 1040 2100 patrandum
1065 2020 1115 2082 ali-

29 2037 83 2166 eod
95 2093 174 2156 edu
196 2097 375 2178 saerilegium
400 2095 532 2176 duplicet
583 2096 659 2156 llinc
686 2095 828 2175 sequitur,
858 2108 925 2158 vota
950 2098 1117 2172 ntonastico,

29 2167 98 2244 qubus
115 2172 261 2240 coniuncta
282 2184 327 2234 est
344 2171 491 2232 manifesta
510 2169 651 2256 impietas,
675 2192 735 2233 non
757 2171 845 2258 magis
863 2172 1064 2242 conscientiam
1080 2171 1116 2232 li-

29 2263 74 2318 gne
90 2267 161 2336 quam
182 2251 310 2332 magicos
334 2247 518 2310 exorcismos:
542 2248 605 2328 quia
624 2247 703 2308 Deus
724 2269 834 2308 sacrum
856 2271 937 2312 suum
956 2270 1063 2310 nomen
1081 2247 1115 2307 ad

30 2333 105 2394 putati
121 2323 361 2386 confirmationem
381 2323 475 2384 valere
493 2343 554 2383 non
571 2322 640 2384 vult.
678 2323 776 2384 Docet
793 2336 887 2383 manen
906 2323 952 2384 bic
969 2323 1048 2384 locus
1068 2343 1114 2383 ca-

31 2397 116 2458 ssatum
134 2421 203 2477 esse,
223 2423 262 2464 ne
281 2401 349 2487 quid
366 2399 574 2468 inconsiderate
595 2399 740 2484 quisquam
758 2400 917 2482 promittat:
941 2399 1058 2476 deinde,
1077 2419 1116 2462 ne

29 2469 180 2538 rilesitatem
198 2481 317 2540 accedat
333 2477 519 2538 contumacis.

80 2551 119 2614 ld.
151 2555 300 2634 Deditqus
316 2555 395 2614 illud
408 2555 537 2644 puellae.
580 2552 646 2613 lloc
668 2571 781 2632 qnoque
800 2551 834 2612 ad
852 2549 964 2613 sceleris
982 2547 1115 2611 atrocita-

32 2629 195 2708 mucuns,
224 2631 304 2723 quod
326 2641 417 2692 sancta
439 2629 493 2690 viri
518 2639 602 2719 caput
620 2639 685 2710 post
706 2639 829 2690 mortem
848 2627 969 2696 ludibrio
991 2627 1115 2688 habitum

31 2693 74 2756 lut:
95 2703 136 2764 sed
156 2707 296 2776 Dominus
322 2706 361 2766 ita
389 2726 454 2774 suos
479 2705 621 2766 interdum
648 2703 761 2765 subiicit
785 2703 936 2790 impiorum
958 2702 1115 2786 superbiae,

31 2769 93 2860 ittet
112 2783 217 2846 tandem
237 2784 385 2858 ostendat,
401 2780 564 2873 pretiosum
585 2781 616 2840 in
639 2780 695 2842 suis
719 2779 807 2841 oculis
827 2802 887 2842 esse
904 2781 1030 2862 ipsorum
1050 2799 1115 2839 san-

30 2867 120 2934 im
155 2859 282 2920 Exsultat
299 2859 439 2920 Herodes
456 2857 577 2924 libidinis
596 2877 662 2918 snae
681 2877 798 2946 compos
817 2857 905 2934 lucta,
926 2869 956 2918 et
973 2857 1115 2920 crudelem

31 2929 161 3014 “tttppbmn
179 2937 214 2996 de
232 2957 287 2996 suo
308 2946 427 3002 censore
445 2935 505 3016 agit
543 2934 594 3000 sed
617 2945 716 3020 postca
740 2944 822 2994 exuta
844 2933 901 2996 snis
920 2955 938 2992 o
960 2932 1035 3006 ibus,
1059 2952 1114 2992 nec

31 3017 203 3078 epithetum
223 3013 349 3085 bonore,
373 3012 421 3071 scd
446 3009 530 3070 natai
554 3009 616 3070 solo
641 3020 670 3069 et
697 3008 827 3068 omuibus
850 3007 925 3068 subsi
957 3009 978 3068 is
998 3008 1115 3094 privata,

31 3093 89 3148 ¹itata
105 3080 177 3168 inops
195 3087 325 3148 miseram
344 3086 429 3146 vitam
453 3107 538 3168 aegre
561 3085 591 3144 in
616 3084 712 3146 exsilio
734 3083 874 3157 traheret,
900 3105 985 3146 suave
1008 3081 1115 3166 arsgelis

31 3153 129 3220 raboni,
145 3165 274 3224 omuibus
294 3161 482 3246 spectaculum
522 3161 640 3224 raebuit.
685 3160 774 3236 Quod
795 3159 932 3220 convivae
950 3159 1116 3218 abominan-

32 3223 64 3312 ’ἧς
78 3253 180 3318 pompae
198 3239 303 3300 intuitu
322 3239 436 3300 foedare
456 3184 555 3299 orobos
574 3259 609 3298 co
632 3249 731 3312 untur,
751 3235 818 3296 binc
836 3235 981 3309 discmnus,
1001 3234 1050 3316 qui
1069 3255 1115 3294 re-

32 3313 167 3432 prosternis
184 3317 320 3390 assident,
343 3337 427 3402 saepe
451 3315 545 3383 miultis
568 3257 720 3383 sceleribus
745 3311 892 3400 implicari:
917 3333 981 3370 nam
1003 3321 1034 3369 ut
1053 3308 1116 3368 nul-

39 3395 69 3462 ?tt
82 3401 214 3458 truentaun
231 3389 473 3452 lacinusmensam
488 3390 621 3464 banestet,
641 3389 719 3448 omni
738 3399 830 3447 tamen
850 3387 990 3467 nequitiae
1009 3405 1117 3469 genere
1204 3395 1207 3405 ’

32 3473 62 3542 tt·
74 3461 161 3525 uteru
182 3480 246 3528 sunt
266 3469 376 3540 omnia,
402 3477 435 3527 ut
453 3465 551 3528 saltem
574 3465 721 3528 lenociniis
744 3465 868 3532 aldictos
893 3485 954 3532 esse
977 3473 1118 3546 oporteat,

33 3549 152 3618 quacunque
169 3541 231 3604 ssluc
249 3545 397 3606 accedunt.

83 3613 122 3674 ta.
156 3621 299 3706 Discipuli
317 3623 381 3688 eius
399 3627 550 3686 sciuerunt.
589 3617 656 3682 lloc
675 3617 708 3676 ad
727 3616 849 3677 mulieris
866 3615 1009 3681 saevitiam
1029 3625 1116 3676 resta-

34 3677 75 3752 Μ,
94 3700 121 3747 ut
141 3695 253 3764 adsum
277 3697 367 3758 saneti
389 3695 442 3755 viri
466 3691 636 3786 insepultum
660 3693 777 3753 iaceret:
809 3692 946 3759 probabile
971 3694 1045 3754 enim
1065 3701 1117 3762 ost,

35 3775 93 3848 itti}
110 3765 158 3830 bot
174 3773 269 3834 olbcio
290 3772 381 3834 iuncti
398 3771 455 3832 siut
473 3770 608 3850 discipuli,
628 3769 786 3850 proiectum
800 3715 889 3830 luisse
908 3791 922 3830 a
942 3769 1055 3850 tyrarmi
1074 3789 1117 3828 sa-

35 3831 141 3904 lt'llttrbus.
179 3849 240 3910 Etsi
263 3861 357 3913 autem
381 3847 451 3908 nibil
476 3845 594 3906 mortuis
618 3846 732 3906 cosulert
749 3845 844 3914 bonor
861 3847 1033 3926 sepulturae,
1059 3841 1119 3904 vult

36 3915 102 3994 tpnm
117 3925 295 3986 cernnoniam
314 3925 386 3986 banc
407 3923 547 3984 Dominus
567 3944 582 3983 a
600 3921 682 3980 nobis
701 3920 770 3994 coli,
795 3933 827 3979 ut
844 3923 1002 4010 synrbolum
1022 3919 1058 3979 sit
1076 3917 1118 3976 ui-

35 3991 95 4076 l'fttt
117 4001 330 4062 comestionis.
383 3999 482 4076 Quare
507 3999 572 4058 Deo
601 4009 679 4078 grata
703 3997 758 4056 luit
781 3997 849 4057 baec
873 3999 1014 4068 sedulitas,
1043 3993 1119 4072 qnod

37 4056 132 4144 bupptfi
153 4073 262 4140 imanis
288 4087 443 4149 venerunt,
471 4086 503 4134 ut
527 4095 629 4154 corpus
652 4072 779 4154 magistri
797 4076 927 4155 sepulcro
947 4070 1118 4134 macularent.

38 4135 95 4200 ldie
109 4151 175 4224 quod
192 4153 245 4214 boc
264 4154 298 4214 ad
321 4151 474 4216 testandam
496 4150 629 4232 pietatem
652 4149 750 4212 valuit:
776 4173 840 4210 nam
863 4149 919 4210 boc
943 4147 1030 4208 modo
1053 4165 1120 4233 pro-

39 4205 83 4296 [2⁵⁸5
102 4235 169 4300 unt,
197 4231 303 4290 mortui
324 4227 447 4290 bominis
471 4227 629 4287 doctslnam
652 4225 830 4308 superstitem
856 4225 885 4284 in
909 4221 1042 4284 cordibus
1064 4241 1121 4279 suns

41 4303 116 4369 'biit
148 4301 299 4372 tarantis
318 4326 389 4391 crgo
408 4303 463 4367 luit
479 4303 532 4368 ista
550 4301 707 4382 consessio,
725 4300 889 4386 praesertim
907 4319 993 4382 quum
1012 4317 1028 4358 a
1046 4293 1122 4378 peri-
