2496 4852
1074 17 1244 26 ·—·-———-.-—.

302 191 364 268 (ts
381 188 520 252 ernam
540 185 756 268 centurionis.)
1035 193 1095 260 m

22 332 204 398 ‘heu
239 329 1001 425 huninuisntids.Tssdnffl1esidrm
1030 351 1088 413 pro

48 407 110 468 ersi
125 419 222 470 statuto
240 411 395 492 accipiunt,
415 407 663 494 quemadmodum
682 409 712 471 in
731 404 842 545 Pulsa.
869 407 978 472 drcstur
995 409 1087 489 (Psoi.

56 489 129 562 Α),
162 485 258 548 Posuit
281 483 339 548 boc
358 484 439 548 Deus
459 489 490 548 iu
515 485 717 553 testimonium
743 485 803 546 Issa
886 482 963 548 Mihi
988 495 1087 548 turuen

68 562 162 622 iduor
181 581 242 624 esse
273 563 425 648 frigidum:
456 582 554 646 neque
584 563 662 623 enim
687 563 792 624 dubito
818 563 891 644 quin
916 581 1090 656 pronomen

68 639 95 700 rd
114 640 271 702 sacerdotes
294 653 416 722 spectet.
462 641 568 734 ltaque
586 641 624 702 sd
647 639 810 722 praesentis
833 640 878 704 eei
898 651 1090 702 unumstan·
1200 695 1208 704 .

71 717 242 779 meoiudicio
262 717 397 782 Christus
416 731 560 802 respexit,
583 719 651 811 quia
673 718 711 780 ad
736 716 967 789 convincendam
986 736 1090 778 eorum

67 792 197 854 titudinem
227 793 258 856 in
290 793 348 857 boc
378 795 521 856 miraculo
552 803 621 857 satis
647 792 796 856 luculento
827 793 967 877 probatio
992 791 1091 854 sutura

83 870 135 931 Nee
147 869 253 946 obstat,
270 873 351 953 quod
370 871 520 954 leprosum
535 883 638 934 tacere
654 872 788 934 Christus
804 869 895 946 iussit,
914 871 981 952 quia
994 868 1092 932 noluit

15 957 111 1106 meo
136 947 272 1028 sepultam
302 949 348 1014 sui
377 948 513 1012 miraculi
542 951 726 1012 memoriam.
769 947 873 1022 Quum
905 967 978 1041 ergo
1008 949 1088 1009 iussn

53 1021 62 1110 '¹
79 1023 124 1082 'm
138 1025 297 1089 sacerdotis
315 1039 509 1108 conspectum
527 1027 610 1090 veuit
626 1026 777 1110 iepmms,
798 1027 855 1086 boc
875 1026 931 1088 iilis
950 1045 983 1088 m
1000 1021 1087 1086 testi·
1188 1028 1190 1031 ’

15 1115 99 1188 unum
118 1097 182 1176 soit,
213 1103 295 1182 quod
319 1101 529 1165 inexcusabiles
554 1102 707 1164 redderet:
728 1099 755 1162 si
776 1099 926 1164 Christum
951 1121 1008 1182 pro
1027 1095 1088 1162 Dei

15 1187 102 1266 uestro
120 1177 251 1259 amplecti
275 1178 410 1273 nollent2
436 1191 468 1240 et
483 1177 580 1272 ,simul
610 1179 705 1274 abiate
728 1179 785 1272 iilis
813 1190 875 1240 erut
898 1177 1088 1264 obtrectandi

14 1255 1090 1424 mmntnise:rennuenteitatius

17 1401 126 1468 inundo
142 1421 209 1471 satu
228 1409 333 1472 eibeun
352 1422 416 1472 erat
434 1424 493 1474 tam
513 1409 654 1472 sollennis
705 1409 731 1472 ei
752 1420 940 1470 contestatio.

785 1484 794 1504 0

59 1489 88 1546 u
121 1483 224 1546 Utsson
240 1487 572 1564 postulassemus.
603 1484 761 1548 Hinccoiii
793 1505 869 1560 mus,
888 1484 1086 1547 eurtsmcito

23 1557 125 1622 titubes
148 1561 295 1626 eeiebrsri
318 1563 450 1627 noluerit
469 1565 620 1641 Christus,
641 1583 702 1645 quo
726 1505 840 1626 sufficet
864 1561 989 1629 iiber-ios
1007 1561 1088 1622 ioeet

23 1631 238 1706 usitantur:
271 1662 336 1704 nou
356 1643 439 1722 qnod
458 1642 672 1706 insurrexerint
690 1640 807 1716 hostes,
837 1639 889 1732 qni
914 1639 957 1700 ilii
976 1659 1011 1700 os
1030 1639 1088 1700 ob·
1127 1703 1132 1714 ,

19 1722 80 1802 ntur
89 1715 175 1776 consti
193 1720 268 1798 sint,
288 1718 341 1782 sed
353 1719 420 1799 quie
431 1731 513 1786 tauta
525 1731 587 1780 erat
597 1717 677 1802 voigi
693 1719 731 1780 im
755 1729 898 1780 ortunrtas
910 1717 940 1778 in
952 1715 1089 1798 flagitan-

16 1781 167 1868 innan,
185 1805 219 1857 ut
233 1814 298 1857 non
310 1807 435 1856 restaret
445 1795 598 1857 doctrinae
618 1795 709 1857 locus.
759 1792 860 1857 olebat
879 1806 1090 1854 suremomues

12 1857 78 1924 “tn
91 1869 260 1933 adverbum
282 1873 374 1955 megia
394 1893 482 1953 quam
501 1874 539 1934 ad
558 1874 640 1955 signa
660 1874 801 1934 intentos.
839 1867 914 1932 Ideo
935 1869 1008 1930 dicit
1025 1867 1087 1928 Lu-

12 1953 47 2028 'i’
61 1961 111 2006 tuns
130 1945 276 2010 habitasse
300 1947 334 2010 iu
360 1949 493 2014 desertis.
538 1949 746 2030 Frequentiam
768 1951 847 2010 enirn
866 1947 1020 2010 bominum
1040 1945 1087 2006 iu·

10 2017 81 2154 mi,
94 2023 151 2102 quis
169 2045 201 2086 se
220 2023 344 2088 ridebat
363 2026 466 2118 popuii
486 2027 563 2089 votis
583 2048 645 2090 nou
664 2027 894 2106 subiecturum,
913 2024 986 2109 quin
1004 2042 1087 2086 suam

68 2119 118 2160 rau
133 2101 290 2184 signorum
310 2123 395 2183 copia
415 2103 567 2166 obrueret

30 2359 86 2446 (Tb)
118 2363 291 2436 MATTH.
316 2367 403 2436 VIII.
450 2369 480 2436 b.
513 2371 619 2438 Porro
652 2391 750 2458 quum
777 2370 942 2455 ingressus
973 2363 1086 2434 inisset

6 2455 271 2553 buCapemaum,
292 2469 373 2537 adiit
392 2492 466 2538 eum
486 2467 657 2552 Centurio,
678 2469 857 2537 obsecrans
875 2489 963 2546 enm,
993 2465 1023 2531 6.
1043 2465 1086 2531 Et

5 2555 87 2644 im,
109 2568 265 2652 Domine,
292 2571 431 2640 ismulus
457 2593 549 2640 meus
578 2569 745 2638 decumbit
767 2570 856 2639 domi
877 2566 1086 2658 paralyticus,

6 2673 147 2748 &naviter
167 2671 391 2740 discrucietur.
445 2675 475 2740 7.
499 2675 542 2742 Et
570 2672 649 2740 dicit
675 2669 726 2740 itti
751 2673 860 2752 lesus,
893 2671 1085 2758 Ego-quum

4 2783 89 2847 'nuo
106 2773 263 2842 medebor
284 2773 344 2840 ilii.
385 2776 416 2840 e
434 2775 477 2840 Et
497 2775 704 2862 respondeus
725 2776 888 2844 Centurio
910 2775 997 2852 dixit,
1015 2772 1086 2838 Do·

3 2869 66 2946 fue,
84 2893 143 2938 non
164 2897 235 2941 sum
258 2875 414 2956 idoneus,
442 2885 479 2942 ut
497 2885 616 2944 tectum
638 2899 745 2944 meum
767 2875 902 2944 subeas:
928 2878 994 2942 imo
1017 2883 1086 2940 tan·

3 2973 41 3030 im
56 2969 247 3057 danubem,
271 2985 304 3042 et
324 2974 492 3044 sanabitur
512 2978 652 3046 famulus
671 3002 771 3046 meus
811 2981 844 3046 9.
862 2979 992 3046 Etenim
1022 2995 1085 3060 ego

3 3083 43 3130 'tt
56 3069 135 3142 bono
154 3076 291 3144 alterius
311 3081 464 3164 potestati
485 3078 642 3161 subditus,
664 3091 697 3148 et
717 3077 826 3147 babeo
847 3077 909 3145 sub
928 3099 981 3143 me
1001 3073 1085 3140 mili·

2 3173 77 3238 ittet
92 3173 161 3246 diuo
180 3177 274 3257 buio,
293 3177 406 3259 Vade,
435 3189 468 3246 et
488 3179 592 3248 vadit:
621 3191 654 3248 et
675 3179 784 3262 alteri,
803 3179 907 3258 Veni,
929 3187 961 3242 et
981 3175 1084 3239 venite

4 3275 102 3340 tituto
119 3299 203 3358 meo,
224 3279 293 3346 nac
312 3279 390 3360 boo,
409 3291 444 3349 et
464 3279 550 3348 iacit.
593 3273 644 3350 10ss
664 3283 757 3349 Haec
779 3291 886 3370 autem
908 3299 1006 3365 quum
1029 3297 1084 3342 au·

2 3361 65 3437 diret
78 3377 167 3462 lesus,
183 3381 362 3450 admiratus
383 3393 444 3462 est,
466 3393 499 3450 et
520 3385 633 3464 uitiis,
652 3387 707 3472 qui
729 3379 958 3469 sequebantur,
978 3380 1084 3444 Amen

2 3461 140 3558 “tubis
158 3501 202 3548 ne
220 3486 256 3548 iu
267 3485 368 3550 lsrsei
382 3483 514 3572 quidem
527 3493 646 3552 tantum
667 3485 768 3552 fidem
789 3483 907 3572 reperi.
934 3479 983 3548 11.
994 3477 1083 3544 Dico

2 3583 67 3640 utrm
82 3580 176 3662 robis,
202 3585 294 3672 quod
313 3585 407 3658 multi
428 3583 469 3652 ab
492 3587 619 3654 oriente
642 3597 675 3654 et
693 3585 865 3656 oceideute
882 3583 1030 3662 venient,
1051 3589 1084 3648 et

2 3675 141 3748 nomnen
164 3707 237 3752 oum
264 3683 443 3767 Abrabam,
473 3689 566 3753 lsaao
592 3699 625 3756 et
651 3686 752 3754 luoob
779 3689 813 3752 in
840 3703 944 3771 regno
973 3683 1083 3750 ooelo·

2 3786 51 3884 F:
84 3781 228 3852 tunitii
254 3807 337 3857 nero
367 3792 460 3876 regni
489 3791 658 3855 eiicientur
680 3790 715 3854 iu
741 3785 893 3858 tenebras
921 3797 1083 3856 externas:

3 3863 39 3936 ΠΝ
54 3882 102 3946 erit
121 3881 214 3952 fletus
236 3897 269 3954 et
289 3888 411 3957 stridor
436 3889 591 3972 dentium.
642 3889 692 3958 13.
716 3889 760 3958 Et
782 3889 861 3958 dixit
881 3889 972 3960 Iesus
993 3885 1083 3956 Cen·

3 3977 87 4060 mont,
101 3982 171 4066 Abi,
191 3999 223 4054 et
237 3989 509 4077 quemadmodum
523 3991 638 4072 eredis,
659 3993 703 4057 ita
724 3991 784 4058 fist
803 3992 879 4059 tibia
899 4001 932 4059 et
952 3999 1083 4058 sanatus

2 4075 159 4152 ⁵1[ennius
180 4091 249 4158 eius
271 4093 304 4158 in
327 4091 409 4158 bora
429 4089 497 4160 iile.
878 4115 880 4122 ’

51 4209 137 4284 LUC·
158 4223 227 4291 Vli
269 4225 298 4292 1.
321 4225 432 4312 Quum
453 4234 560 4291 sutem
581 4236 833 4293 consummasset
854 4227 962 4291 omnis
980 4217 1082 4286 verbu

2 4320 35 4372 Ἢ
57 4313 195 4394 &odiente
221 4325 363 4422 P⁰P¹²¹⁰³
391 4328 523 4399 introvit
543 4325 760 4420 Coporuaum.
814 4325 844 4398 2.
872 4321 1084 4392 Contentionis
