2524 4856
370 273 497 322 onnrsrr
516 273 698 325 varrcrms.
1053 263 1113 326 205

17 415 83 476 torte
100 406 225 496 aliquos
246 407 395 480 afficient.
440 411 491 479 17.
517 413 560 479 Et
581 412 671 478 eritis
694 413 783 479 exosi
805 410 957 480 omnibus
977 425 1112 502 propter

17 531 95 578 omen
115 533 226 576 uicum.
280 511 333 579 18.
367 511 408 580 Et
429 513 514 601 pilus
536 537 555 580 e
576 515 680 602 eapite
701 525 812 582 vestro
832 535 900 585 non
921 519 1013 606 perit.
1057 519 1109 585 19.

17 615 186 702 apatieutia
205 613 371 703 possideto
393 617 514 684 uuimas
535 628 668 686 vestras.

55 867 148 929 blattb.
166 871 195 933 9.
238 871 321 931 Tunc
340 871 464 931 trudent
481 893 535 931 sos
549 874 581 932 ιἰι
599 872 805 948 afflictionem,
843 872 903 933 lam
922 871 996 934 aliud
1015 884 1109 936 tenta·

17 945 63 1005 unis
80 965 166 1027 genus
185 946 325 1027 praedicit
346 948 475 1010 Christus
494 947 651 1027 discipulis,
675 969 733 1029 quo
751 960 864 1028 praeter
880 969 1045 1012 communes
1065 951 1109 1012 al'-

17 1021 114 1080 ictiones
137 1022 263 1102 ipsorum
286 1023 353 1084 fides
372 1023 519 1105 probanda
539 1025 589 1085 sit:
618 1045 722 1104 nempe
741 1026 828 1117 ipsos
837 1026 892 1084 toti
911 1027 1019 1087 mundo
1038 1048 1109 1088 exo-

17 1107 74 1156 set
94 1097 267 1159 detestabiles
294 1099 368 1159 lore.
407 1101 473 1160 lloc
498 1119 549 1180 per
572 1121 604 1160 se
621 1101 683 1162 filiis
705 1103 759 1162 Der
779 1101 859 1160 triste
880 1123 913 1162 ac
932 1102 1033 1162 durum
1055 1115 1109 1179 est,

17 1172 129 1232 romiseue
147 1195 213 1235 cum
236 1199 250 1236 r
288 1176 365 1236 robis
384 1176 478 1236 etDei
496 1177 739 1256 contemptoribus
758 1177 855 1259 affligi,
876 1189 906 1238 et
923 1177 1021 1240 iisdem
1040 1179 1109 1240 sub-

17 1245 147 1334 ripoenis,
170 1271 240 1330 quas
262 1252 300 1310 ili
318 1272 373 1332 pro
392 1251 448 1312 suis
466 1251 617 1312 sceleribus
642 1253 789 1314 sustinent.
836 1255 902 1315 Hoc
927 1275 997 1316 vero
1020 1253 1108 1347 louge

17 1324 91 1401 nquius
107 1325 231 1401 ridetur,
255 1328 364 1387 duriter
383 1327 508 1420 opprimi
528 1329 660 1412 gravibus
680 1327 772 1403 malis,
797 1349 812 1388 a
850 1329 933 1389 uibus
951 1330 989 1389 im
1001 1330 1031 1421 'ii
1050 1343 1107 1392 seut

17 1417 118 1460 ιιιιιιιιαι.
164 1405 274 1463 Verum
294 1402 376 1464 sicuti
394 1405 534 1478 triticum,
560 1405 609 1464 ubi
627 1402 709 1464 simul
729 1425 791 1464 cum
809 1350 887 1485 pdlca
905 1351 1022 1486 flagellis
1041 1427 1109 1488 per-

17 1495 82 1534 ιςιιιιιι
102 1476 199 1553 suerit,
210 1477 295 1538 ¹mola
314 1478 416 1539 deinde
434 1481 622 1541 contunditur
636 1499 668 1540 sc
687 1480 797 1552 teritur,
817 1483 856 1540 ita
867 1483 946 1541 Deus
958 1481 1028 1545 lilios
1040 1503 1109 1546 suos

17 1562 159 1612 intantum
184 1554 377 1616 communiter
400 1577 464 1616 cum
490 1554 580 1636 impiis
605 1555 720 1638 aflligit,
749 1557 799 1616 sed
825 1577 910 1617 cruce
935 1556 1018 1618 etism
1037 1577 1108 1639 prae

17 1623 176 1710 issubigit,
208 1641 241 1692 ut
271 1630 360 1690 videri
389 1631 500 1712 possint
523 1631 632 1722 reliqpo
657 1651 765 1714 genere
789 1631 911 1692 humano
935 1633 1105 1694 miseriores.

17 1701 161 1782 tdpmprie
180 1705 226 1766 bic
247 1706 375 1770 Christus
394 1706 429 1767 de
452 1706 653 1768 afflictionibus
674 1707 796 1782 disserit,
854 1729 883 1769 as
921 1728 955 1768 ro
975 1711 1107 1792 Evange·

17 1777 143 1840 tsubiurri
162 1791 246 1843 eraut
264 1782 331 1843 disci
354 1781 401 1842 nli.
450 1782 512 1844 Etsi
532 1783 607 1845 enim
628 1803 727 1845 verum
749 1796 791 1844 est
810 1783 818 1843 i
840 1783 877 1843 ud
897 1729 975 1845 dauli
1000 1785 1107 1862 (llum

17 1853 104 1929 Ab),
131 1878 201 1938 quos
220 1859 302 1919 Deus
322 1803 422 1940 elegit,
447 1878 496 1918 eos
518 1879 631 1952 quoque
651 1860 802 1920 destinasse
822 1861 856 1921 ad
875 1859 1020 1922 ferendum
1039 1883 1107 1921 cru·

17 1945 56 2000 tn,
84 1941 113 1989 ut
136 1933 301 1995 conformes
325 1935 382 1994 sint
399 1934 516 2028 imagini
536 1935 597 1994 Filii
616 1935 671 1996 sui:
710 1947 882 1997 nontamen
902 1937 953 1997 bac
973 1936 1106 2019 singulari

17 2013 153 2144 &⁰⁰ssoe
163 2009 313 2145 pungui,
334 2021 367 2070 ut
386 2009 588 2146 abebpappelii
608 2011 746 2148 bigihffi„
754 2013 1002 2149 pgpseqputiopppp
1015 2012 1106 2148 {ppp-

17 2174 38 2212 ss
51 2177 96 2234 pro
114 2105 445 2246 besadgcelciiutcedtidipddio
464 2107 702 2242 idpiorcdrdcodid
721 2111 960 2252 subirelsspbbbris
981 2183 1011 2224 se
1031 2163 1105 2222 obii-

17 2245 55 2316 '5²2
71 2245 96 2293 et
113 2234 238 2299 furorem
259 2257 418 2330 provocare
437 2257 554 2298 necesse
574 2249 625 2299 est.
683 2239 755 2299 Nam
775 2237 935 2300 admonitos
953 2239 1043 2302 volurt
1061 2240 1105 2299 dt-

17 2306 117 2446 us.
130 2313 277 2450 tzela*
297 2313 1105 2470 suluisse,siluissemus
1186 2369 1190 2376 ·

17 2453 56 2514 rius
71 2409 310 2546 itttseixpdsneru.
355 2411 496 2526 Ριξῗᾶἰεὶῑ
514 2477 608 2526 autem
627 2487 687 2526 nou
708 2434 796 2528 modb
816 2487 880 2526 cum
899 2465 994 2548 paucis
1014 2467 1105 2526 bosti-

17 2531 97 2616 sitis
114 2538 173 2602 lore
192 2553 353 2616 certamen,
372 2541 421 2602 sed
441 2562 611 2622 quocunque
630 2542 774 2617 venerint,
799 2554 899 2622 gentes
919 2563 1019 2602 omues
1038 2543 1105 2604 lore

17 2602 44 2694 l‘.
59 2607 170 2677 insertas.
208 2620 277 2678 Hoc
300 2629 395 2678 autem
413 2617 579 2678 incredibile
597 2629 761 2698 portentum
781 2617 850 2694 luit,
917 2619 954 2678 od
972 2617 1019 2680 vel
1041 2617 1105 2678 for-

17 2692 953 2850 illisit?at53l0‘tl0llll‘trstaturati,ll
971 2694 1104 2832 ltili:

17 2848 90 2898 matt.
124 2843 191 2907 ldeo
210 2867 226 2907 a
248 2847 286 2906 ud
305 2811 432 2906 Mal-cum
450 2846 582 2920 babetur,
616 2857 718 2906 coum
736 2849 828 2907 uobis.
869 2847 939 2922 Quo
959 2847 1049 2908 verbo
1069 2846 1104 2906 fi.

17 2923 49 2967 ‘m
65 2925 90 2973 tt
104 2937 182 2982 usum
238 2921 402 2982 monitionis
421 2933 517 2995 notat,
542 2922 648 2982 debere
667 2921 777 2984 scilicet
798 2923 833 2984 ad
854 2923 1033 2984 tolerantiam
1052 2943 1104 3004 pa·

17 2993 57 3074 ¹20}
76 3009 142 3068 esse,
169 3018 206 3059 ne
233 2998 361 3058 incautos
380 2998 521 3079 opprimat
539 2999 668 3059 tentatio.
725 3000 810 3078 Apud
836 2999 956 3060 cundem
975 3001 1104 3060 Marcum

17 3055 97 3141 illut,
118 3073 188 3145 fore
203 3076 260 3134 hoc
278 3076 398 3166 regibus
417 3085 448 3133 el
463 3076 655 3152 praesidibus
673 3077 705 3133 ln
723 3079 937 3145 testimonium,
962 3095 1049 3154 quum
1068 3074 1104 3136 ad

17 3129 85 3200 Μαι
101 3147 219 3211 tribuual
238 3150 314 3210 ducti
335 3149 441 3210 luerint
461 3147 567 3210 Christi
593 3147 729 3230 discipuli.
787 3150 877 3209 Lucas
904 3148 988 3230 paulo
1012 3149 1104 3226 aliter,

17 3217 118 3346 :limga
132 3229 214 3316 eolis
232 3227 288 3318 boc
306 3231 339 3286 ιἰι
356 3229 572 3360 testimonp'umr
597 3225 646 3287 sed
668 3246 783 3306 prorsus
803 3225 904 3316 eodem
923 3245 1017 3288 sensu.
1028 3298 1045 3359 s
1056 3225 1103 3284 Si-

17 3357 37 3452 ,ι
51 3303 1104 3470 sismundum.cursuscursus

17 3445 127 3528 flagelio
155 3473 272 3535 opernm
299 3454 443 3516 dedissent
473 3453 621 3536 Apostoli,
651 3473 713 3514 non
742 3464 826 3514 etism
856 3466 957 3514 contra
979 3453 1104 3514 furiosos

17 3525 95 3604 Qum
111 3523 227 3607 impetus
244 3541 408 3592 constanter
423 3551 480 3624 pro
499 3551 536 3591 eo
553 3531 703 3592 asserendo
723 3531 877 3603 stetissent,
911 3549 972 3588 non
991 3540 1047 3589 tam
1065 3527 1102 3588 il.

17 3599 71 3678 ΜΨ
87 3597 177 3664 luisset
196 3607 254 3668 eius
273 3607 461 3668 confirmatio.
509 3607 608 3682 Quum
627 3625 698 3666 vero
720 3607 808 3686 capita
828 3625 877 3667 sna
897 3605 1023 3666 obiicere
1042 3625 1103 3666 non

17 3661 137 3754 ultumi,
155 3701 208 3743 oec
227 3681 276 3743 ulli
292 3683 390 3744 mortis
410 3695 533 3743 terrores
549 3703 599 3744 eos
617 3681 772 3744 deiicerent
790 3704 806 3744 s
826 3681 984 3762 proposito,
1004 3701 1038 3742 ex
1057 3681 1104 3741 iu,

17 3743 84 3818 l‘lldt
106 3771 198 3818 eorum
222 3758 379 3820 constantis
398 3757 538 3838 apparuit,
564 3779 648 3838 quam
667 3757 742 3819 sorio
760 3758 795 3818 de
815 3779 914 3818 causae
932 3775 999 3818 suae
1018 3757 1104 3816 boni-

17 3823 44 3872 n
57 3832 166 3898 urum
185 3835 289 3896 sormi.
341 3835 407 3894 riu
425 3834 511 3915 {gun
530 3833 600 3894 ιιω
619 3833 745 3915 regrum
767 3833 913 3916 evangeiii
932 3831 1103 3915 ossignano,

17 3898 127 3964 *ltatolos
144 3907 176 3967 ad
195 3930 297 3993 regum
314 3929 404 3989 usque
422 3909 570 3970 tribunalis
587 3909 692 3988 absque
711 3909 863 3970 formidine
874 3908 997 3989 prodire,
1017 3923 1046 3969 et
1058 3909 1104 3967 io-

17 3981 74 4028 'fflue
89 3974 140 4040 illie
159 3982 264 4047 Christi
283 4007 391 4046 nomen
410 3985 547 4066 profiteri.
586 3986 712 4064 Ideoque
728 3989 827 4046 Petrus
848 4005 878 4044 se
896 3994 999 4044 testem
1017 3995 1105 4044 vocat

17 4043 132 4132 ttslpnum
151 4057 266 4138 Christi,
284 4083 400 4142 querum
420 4061 539 4144 insignia
557 4061 618 4142 ipse
635 4062 774 4198 pestubst.
817 4065 854 4120 Et
874 4057 975 4120 Paulus
996 4058 1104 4140 Philip-

17 4133 106 4186 eastum
123 4135 225 4211 primo,
249 4161 277 4199 v.
300 4143 347 4202 17.
367 4137 504 4220 gloriatur
528 4158 558 4200 se
585 4137 616 4197 in
661 4138 781 4220 vangelii
808 4135 1009 4224 defensionem·
1026 4135 1104 4213 posi-

17 4201 171 4342 ffngdtpod
189 4213 323 4296 imprimis
345 4225 445 4274 notatu
463 4213 580 4294 dignum
600 4226 655 4304 est,
676 4235 713 4274 nc
732 4212 809 4294 turpi
827 4221 1068 4300 praevaricatione
1080 4229 1105 4300 ‘a

17 4357 54 4404 m
68 4298 268 4430 mutilamus
286 4293 367 4354 Deus
386 4301 466 4354 tanto
485 4291 596 4354 bonore
615 4291 759 4374 dignetur,
780 4301 811 4351 ut
830 4299 966 4370 patronos
977 4296 1103 4352 versuto
