2574 4848
220 281 405 358 (lbi-lb&
442 279 491 342 De
508 277 641 344 facilitate
659 280 689 342 in
708 279 914 365 poenitentes.)
1076 279 1135 346 tte

24 433 67 510 .),
88 434 152 494 nn'u
170 425 289 496 dubiem
307 441 365 508 est,
385 431 457 521 quin
476 448 511 496 er
529 431 671 518 praesenti
692 451 726 496 ac
747 431 831 520 legali
855 432 945 496 cu'itus
961 433 1022 496 nn
1040 432 1132 499 bruta

7 529 102 572 cere
119 507 198 586 vetit,
220 525 280 570 nou
298 527 383 594 posse
400 526 455 570 nos
474 509 530 572 rite
546 509 669 592 precari,
688 529 746 578 nee
763 511 911 592 quicquum
930 509 1039 572 olierre
1056 511 1132 586 nro,

12 609 76 646 ram
90 587 142 645 diu
156 585 300 648 Meum
314 595 356 648 est
368 584 452 646 nobis
471 603 538 647 eum
556 585 698 647 iratribus.
726 587 776 648 Sic
793 587 881 670 igitur
895 605 971 647 nune
988 597 1131 682 receptare?

7 665 64 723 ud
83 663 207 724 iudaeos
226 661 294 722 disci
316 663 389 724 linae
402 661 524 724 sormam
541 661 658 724 intuitus
677 672 734 740 est,
758 663 821 744 qnia
844 662 996 724 abnrrdum
1023 663 1131 740 tuone

9 739 154 814 eclesiae,
173 757 277 823 quaen
315 757 353 798 uc
368 737 449 799 nulla
468 747 541 814 erat,
569 738 701 800 iudicium
719 755 896 823 proponeres
930 741 1024 800 Porro
1043 759 1130 822 quum

5 817 65 876 ud
90 817 211 878 iudaeos
235 831 323 896 penes
346 813 473 876 seniores
497 823 571 876 esset
597 813 894 876 excommunicationis
915 825 1054 896 potestas,
1080 815 1131 898 qui

0 893 81 951 ‚tius
106 890 250 956 Ecclesiae
270 907 424 984 personam
445 891 596 984 gerebant,
619 892 746 974 apposite
771 890 901 952 Christus
918 901 992 952 'tunc
1016 891 1129 953 demum

24 968 107 1030 blice
127 968 162 1028 ad
181 967 331 1028 Ecclesiam
352 967 460 1027 tmdocr
479 967 556 1028 dicit
605 967 785 1050 ipeesnrunt
821 969 843 1028 si
862 967 1130 1048 priuatasadruoui-

1 1063 88 1105 [ones
106 1043 154 1106 sel
174 1043 294 1123 superbe
314 1052 511 1118 contemnant,
534 1063 571 1103 re
599 1043 755 1104 scurriliter
772 1044 893 1104 cudant.
945 1045 1069 1120 Scimus,
1094 1062 1130 1106 ex

4 1141 47 1180 no
75 1119 325 1181 muniuerunt
349 1119 384 1184 ab
407 1112 513 1180 exsilio·
528 1119 704 1202 Babylonico
728 1119 836 1194 ludaei,
861 1117 973 1180 deiecto
997 1121 1129 1200 concilim

2 1197 72 1256 uod
91 1195 234 1256 vocabm
252 1194 418 1269 Senbedtin,
459 1215 540 1256 raece
559 1195 729 1290 synedrion,
750 1197 905 1256 mandatam
924 1196 1008 1257 luisse
1027 1217 1130 1258 censu-

0 1295 48 1334 =rn
73 1291 187 1332 morum
207 1279 236 1331 et
255 1271 422 1332 doctrinan
472 1271 536 1334 oci
584 1271 682 1332 timum
702 1271 756 1332 luit
773 1273 893 1353 linoque
911 1271 1062 1354 probatum
1080 1295 1130 1336 re⁴
1172 1295 1177 1302 ·

2 1351 101 1420 ‘mem
122 1359 152 1409 et
171 1348 228 1408 huc
247 1345 358 1408 frenum
378 1347 411 1407 ad
430 1347 541 1409 retinen
562 1369 593 1409 os
610 1348 639 1407 iu
653 1345 749 1408 oiiicio
763 1359 914 1432 protervos
934 1357 964 1407 et
982 1349 1129 1412 indociles.

4 1427 14 1483 i
85 1425 109 1484 is
131 1423 257 1506 excipiat,
281 1423 387 1484 Christi
409 1435 499 1486 aetate
518 1424 612 1488 omnia
629 1423 714 1484 luisse
733 1433 867 1504 corrrrpta
885 1433 915 1484 et
1097 1437 1129 1490 ιι

2 1503 47 1562 ‘lii
85 1499 181 1560 minus
242 1517 286 1560 am
309 1499 451 1560 Ecclesiae
474 1500 609 1561 indicium
635 1495 745 1562 censeri
767 1498 894 1584 tyrannis
919 1499 963 1560 ia
989 1501 1129 1580 debuerit,

6 1577 146 1660 sponde
165 1517 252 1638 luciis
272 1585 324 1648 est,
341 1575 481 1651 Quamvis
500 1588 568 1638 tenne
587 1575 738 1640 adulterata
756 1585 831 1638 essct
849 1595 881 1636 ac
897 1591 1029 1660 peruersa
1046 1578 1130 1654 ιιιὶο,

11 1654 143 1714 hristum
160 1663 256 1714 tamen
275 1649 379 1712 merito
398 1651 526 1713 ordinem
548 1651 673 1724 laudare,
692 1651 778 1734 quails
797 1649 864 1711 olim
884 1669 899 1712 a
919 1651 1047 1713 Patribus
1066 1653 1131 1713 iue-

0 1743 30 1790 -.t
59 1729 192 1790 traditus.
230 1723 293 1788 ilbi
311 1745 383 1788 vero
404 1727 576 1814 paulopost
598 1727 688 1789 erexit
712 1727 875 1802 Ecclesiam,
900 1727 1005 1792 sublata
1028 1745 1131 1792 conut-

2 1807 69 1867 tela
89 1818 192 1888 purum
214 1803 473 1865 excommunicandi
490 1825 572 1866 mum
590 1801 720 1867 restituit.
752 1803 876 1865 nutem
894 1815 1068 1865 tamennon
1086 1813 1131 1868 est

4 1884 61 1944 uin
83 1880 158 1941 ratio
178 1879 353 1962 disciplinae,
376 1896 447 1960 qnae
468 1880 562 1964 viguit
583 1880 634 1942 snb
659 1899 752 1966 regno
775 1879 894 1956 Christi,
915 1881 1081 1944 successerit
1098 1879 1129 1941 in

0 1979 91 2018 ‚cum
111 1956 183 2018 illins
201 1955 315 2017 veteris.
358 1956 396 2016 Et
415 1967 597 2040 certe-quum
615 1956 791 2018 umbratilem
811 1957 1070 2018 excommunicandi
1088 1957 1130 2019 ria

8 2059 53 2094 rm
78 2033 223 2094 uenerint
242 2031 324 2093 etiarn
342 2031 479 2124 profanae
497 2043 610 2116 gentes,
634 2033 689 2093 lroc
707 2033 839 2093 divinitus
857 2034 891 2092 ab
907 2033 990 2093 initio
1010 2033 1130 2096 inditum

18 2113 83 2172 isse
100 2107 247 2170 leontinum
265 2108 406 2169 mentibus
425 2121 554 2192 apparet,
581 2109 668 2189 siqui
688 2109 790 2190 impuri
810 2108 957 2190 etpolluti
976 2121 1084 2186 essem,
1112 2125 1130 2171 a

0 2207 82 2248 ,ιι-ιι
102 2205 162 2245 esse
182 2185 325 2245 arcendos.
368 2184 478 2268 l‘opulo
502 2203 574 2266 ergo
598 2184 653 2246 Dei
677 2195 761 2266 turpe
784 2205 816 2244 ac
836 2185 999 2319 pudendum
1022 2185 1131 2264 luisset,

2 2266 52 2324 ius
76 2259 240 2342 disciplinae
257 2265 374 2344 Ριοιιιιιι
392 2280 454 2324 esse
473 2271 626 2344 expertem,
646 2261 722 2320 euim
742 2257 834 2340 aliquo
856 2259 946 2322 inter
964 2269 1065 2343 gentes
1081 2280 1131 2322 ex·

0 2374 1 2385 ι
18 2341 89 2400 bat
106 2335 266 2422 vestigium.
319 2335 408 2428 Quod
425 2347 517 2398 antem
537 2337 589 2396 nib
609 2337 687 2420 Lege
709 2347 851 2396 servatum
869 2335 974 2410 luerat,
1000 2335 1130 2398 Christus

7 2449 13 2471 ι
42 2433 104 2475 nos
124 2411 286 2504 unrrsmisa't,
306 2431 369 2495 qma
388 2413 471 2479 nobis
491 2413 648 2478 communis
665 2424 708 2472 est
729 2412 800 2473 ratio
821 2433 883 2473 curn
902 2411 1021 2492 antiquis
1040 2413 1131 2472 l'atril

5 2515 55 2552 ns.
108 2489 211 2572 Neque
229 2507 304 2548 eman
324 2487 468 2550 consilium
488 2489 595 2553 Christi
615 2488 680 2562 luit,
703 2507 769 2549 suos
787 2486 936 2572 discipulos
955 2488 989 2548 ad
1007 2507 1131 2625 pungo*

11 2589 59 2628 ,ιιι
80 2563 231 2654 ablegare,
243 2583 333 2656 puae,
353 2585 448 2701 :im
470 2565 588 2626 foetidas
611 2565 708 2626 sordes
732 2563 854 2626 libenter
875 2565 905 2623 in
928 2565 1002 2626 sinu·
1021 2575 1130 2641 overet,

6 2665 82 2704 eros
106 2651 138 2703 et
160 2641 211 2702 sim
243 2659 299 2702 rcus
322 2639 349 2701 D
403 2639 525 2702 cultores
549 2639 822 2702 excommunicabat:
849 2641 898 2702 scd
915 2639 1075 2716 admonuit,
1096 2639 1130 2700 in

13 2717 124 2780 eclesia
143 2737 192 2777 sua
224 2717 364 2778 meorum
383 2735 444 2777 esse
463 2717 601 2790 ordinem,
621 2717 668 2799 qni
684 2717 793 2852 pridem
813 2717 863 2780 suh
877 2717 956 2800 Lege
970 2727 1066 2778 sancte
1084 2717 1131 2777 in-

15 2798 114 2856 itutus
132 2793 232 2854 inerat.
274 2793 364 2868 Quod
385 2793 422 2854 de
440 2795 565 2854 altricis
585 2803 615 2852 et
628 2797 689 2872 pub
702 2797 797 2853 tronis
815 2815 882 2854 mox
901 2793 1061 2870 subiicitur,
1084 2793 1131 2855 in·

7 2904 9 2907 v
43 2869 230 2931 ‚mentionem
251 2889 268 2928 a
291 2889 339 2929 roe
361 2868 468 2929 allatam
492 2869 650 2930 confirmat.
692 2872 765 2932 Nam
789 2870 852 2964 (pria
874 2871 904 2931 in
928 2881 1039 2933 stimmo
1062 2871 1130 2932 odio

1 3003 2 3006 ,
46 2947 240 3007 detestatione
261 2955 332 3006 tnnc
356 2945 428 3028 apud
454 2945 573 3006 ludaeos
600 2955 681 3006 erant
705 2947 812 3008 ethnici
840 2959 870 3008 et
893 2945 1048 3028 publicani,
1076 2945 1131 3008 iilis

1 3033 144 3104 comparat
162 3017 290 3084 homines
309 3021 433 3103 impuros
452 3034 481 3083 et
502 3021 674 3114 insanabiles,
713 3023 740 3083 ui
760 3022 840 3084 null'rs
856 3022 1059 3083 monitionibus
1076 3023 1131 3083 obe*

1 3109 169 3180 eruperant.
199 3097 287 3158 Certe
307 3097 434 3172 ethnicis,
454 3114 487 3158 er
507 3098 608 3180 quibus
626 3041 729 3160 seule
748 3098 903 3180 composita
923 3098 978 3156 init
996 3095 1130 3174 Ecclesia,

0 3179 184 3264 racccprtuni·
199 3173 266 3233 dare
283 3173 391 3247 notuit,
415 3185 447 3234 ιιι
471 3193 501 3233 se
525 3173 600 3254 ipsos
625 3177 769 3266 ingerente
798 3193 852 3234 uec
876 3173 1054 3264 hodiernis
1079 3185 1130 3247 est,

14 3248 1132 3410 sustinuissetfison„esttenetedeusne}

1 3405 97 3464 urline
115 3413 255 3462 matuatus
275 3413 326 3464 est.
355 3345 461 3462 iensus
480 3413 573 3462 antem
593 3413 647 3464 est:
670 3401 737 3462 nibil
755 3421 819 3462 cum
840 3398 981 3462 Ecclesiae
1001 3411 1131 3467 contem·

0 3477 130 3540 toribus
149 3477 254 3537 debere
273 3477 356 3538 nobis
377 3499 491 3538 essene
514 3477 577 3555 otii,
601 3477 694 3539 donec
712 3477 890 3559 resipuerint.
1088 3487 1091 3494 ’
1159 3551 1165 3558 ¹

75 3558 124 3618 18.
163 3553 363 3634 (iuuenesque
380 3497 559 3634 ligaveritis.
604 3555 708 3615 Eadem
727 3573 804 3616 nunc
823 3554 910 3616 verba
928 3553 1045 3636 repetit,
1068 3553 1131 3634 qui-

10 3653 47 3692 us
75 3646 143 3690 usus
163 3633 261 3690 durrat
283 3631 376 3714 eapite
394 3635 453 3705 16,
478 3631 526 3691 sed
551 3629 662 3692 diverso
685 3649 779 3690 sensu.
816 3629 889 3690 llam
910 3629 966 3690 iilic
985 3631 1132 3694 doctrinae

6 3705 196 3768 uctoritatern
219 3712 344 3768 asserere
366 3706 492 3770 volebat:
519 3706 564 3766 bic
583 3724 654 3768 vero
678 3703 850 3790 disciplinam
874 3707 1035 3782 constiuit,
1060 3727 1131 3788 quae

51 3781 138 3842 endis
157 3793 201 3843 est
219 3781 376 3846 dodonae:
398 3783 461 3844 iilic
477 3781 588 3844 dicebat
598 3781 736 3856 Christus,
755 3804 814 3842 non
834 3782 1022 3844 britannione
1037 3785 1133 3844 Euan«

0 3805 65 3919 eiii
84 3858 336 3940 praedicationem,
359 3859 427 3942 quin
449 3859 522 3921 odor
544 3869 616 3920 emet
639 3858 764 3920 vivificus
786 3859 833 3920 vel
854 3858 956 3920 letalis:
984 3857 1030 3921 iric
1054 3861 1133 3919 ailir·'

1 3947 70 4009 nat,
95 3934 221 4016 quamvis
240 3935 318 4029 impii
330 3935 479 3998 'Ecclesiae
499 3933 807 4010 iudiciumdcrideaut,
832 3955 892 3994 non
915 3945 1008 3997 nmen
1026 3949 1132 3996 vanum·

4 4031 72 4073 ore.
119 4011 199 4071 flacc
225 4010 368 4073 distinctio
390 4012 514 4074 sermea
537 4021 593 4086 est,
617 4011 692 4092 quod
715 4010 770 4072 illic
794 4009 959 4094 simpliciter
981 4013 1016 4071 de
1038 4011 1129 4069 verbo

0 4085 174 4162 medicato,
204 4085 367 4150 bisantem
393 4089 428 4149 de
452 4085 570 4170 publicis
595 4087 718 4149 censuris
746 4097 776 4147 et
803 4087 947 4180 disciplina
977 4083 1128 4146 disseritur.

7 4165 153 4223 laetorum
172 4161 311 4224 rationem
330 4163 511 4244 nretapltorae
535 4165 652 4244 ligandi
675 4173 704 4224 et
727 4165 858 4224 soluendi
880 4161 955 4222 illinc
973 4171 1070 4242 petnnt
1088 4160 1131 4220 tea

30 4259 103 4300 ·res.
142 4239 257 4300 &mma
278 4241 346 4302 lraec
365 4251 418 4316 est,
439 4239 561 4333 qubqois
580 4239 699 4302 admisso
718 4240 822 4302 delicto
841 4237 1004 4322 suppliciter
1021 4235 1132 4317 culpane¹

0 4315 130 4375 noscit
149 4325 179 4374 et
198 4317 378 4396 deprecatur,
396 4327 428 4376 ιιι
444 4315 479 4376 ab
500 4313 622 4378 ercinia
640 4316 752 4378 veniam
771 4315 809 4376 im
832 4325 919 4388 etrct,
938 4331 1004 4374 eum
1022 4311 1133 4372 absolsi
1235 4323 1240 4332 ·

76 4389 706 4476 ιιιιιιιιιιιιιιιιιιιιιιιιιιιιιι
851 4385 1130 4472 musculum
