2560 4840
440 219 533 285 ANN.
559 223 685 287 MDCL.
1082 229 1119 298 21

62 354 160 416 bardus
175 357 263 422 lavisse
279 379 345 422 com
417 387 463 426 um
485 379 544 444 est,
570 379 699 428 excunte
724 368 812 428 etiam
836 363 915 430 illius
939 369 969 428 in
992 367 1065 429 illud
1085 369 1120 430 il-

60 429 116 490 leue
129 434 228 511 prinum
245 451 329 518 caput
366 444 471 504 oannis
492 444 717 518 commentario,
736 443 766 503 in
787 465 847 524 quo
869 443 955 506 facile
977 445 1119 525 omnium,

57 508 194 641 meque·
202 510 285 648 glum
304 515 406 578 locum
425 518 516 656 lqnge
535 520 744 582 divinissimum
765 532 974 604 corruperunt,
992 519 1120 584 baereti-

132 607 201 666 utpte
239 609 283 649 eus
301 613 440 674 superavi

80 735 207 821 §testoni
217 739 525 827 buncexcepitanous,
537 767 643 830 nempe
651 751 1119 834 quinquagesimussuprasesqul·

61 810 186 896 summ,
202 819 267 876 satis
286 823 372 899 quud
392 823 428 883 ad
448 825 600 886 ecclesiam
623 825 828 888 Genevensem
849 829 955 888 attinet
972 825 1118 908 tranquil·

60 883 174 960 lasluteu
193 912 228 951 ue
245 893 400 959 decretum
421 913 475 975 est,
494 913 527 962 ut
546 901 674 964 Ministri
695 923 755 964 nou
775 915 888 964 tanturn
908 905 939 964 in
959 903 1116 966 concioni-

57 959 153 1053 ὕψι
167 968 211 1027 aii
230 972 440 1064 negligebant,
464 977 515 1038 alii
534 997 596 1040 non
615 999 723 1071 magno
743 1001 808 1041 eum
830 981 926 1040 fructu
946 979 1117 1058 audiebant,

51 1037 156 1126 ellstan
174 1043 314 1124 sigillatam
340 1071 397 1131 per
423 1051 528 1116 domos
553 1066 584 1114 et
609 1055 730 1116 familias
755 1067 839 1118 certo
869 1057 939 1116 anui
967 1067 1116 1137 tempore,

47 1111 131 1200 tdltbite
154 1121 282 1202 euimque
313 1128 450 1210 regionis
477 1130 558 1192 urbis
582 1132 753 1194 Decurione
782 1135 912 1212 itemque
934 1133 1115 1214 Presbytero

45 1190 128 1268 sepios
140 1194 329 1274 instituerent,
362 1216 394 1263 ct
418 1205 454 1265 ab
478 1225 662 1288 unoquoque
688 1208 756 1270 fidei
781 1209 925 1268 rationem
949 1210 1114 1270 summatim

44 1283 186 1342 exposcerem:
209 1278 289 1353 quod
310 1279 441 1341 Senator
468 1282 594 1343 edictum
620 1285 665 1344 vix
690 1283 832 1345 credibile
857 1297 900 1345 cst
924 1297 1049 1366 quantus
1075 1287 1115 1346 sit

44 1339 121 1432 luctus
134 1364 329 1429 consequutus.
368 1355 504 1418 Alterum
533 1359 703 1435 decretum,
734 1373 767 1420 ut
792 1361 821 1420 itt
847 1361 1010 1442 proximum
1035 1361 1114 1422 diem

43 1411 170 1505 lupianum
193 1427 359 1490 referretur
383 1433 530 1494 Natalium
555 1437 677 1498 Domini
702 1437 881 1511 celebratio,
907 1457 963 1498 nec
986 1437 1039 1498 ulli
1064 1436 1114 1498 alii

46 1489 85 1549 luu
96 1495 137 1556 diss
150 1516 237 1562 essent
276 1520 380 1568 raeter
397 1511 554 1590 septimum
575 1532 732 1594 quemque,
751 1533 837 1593 quem
850 1513 1038 1574 Dominicum
1057 1532 1114 1574 vo-

48 1573 218 1664 Ψῑξιῆιῑιιιιι
242 1527 391 1662 plurimos
415 1587 560 1662 oliendit,
585 1589 659 1650 adeo
684 1590 801 1670 quidem
827 1601 860 1649 ut
884 1607 945 1649 non
966 1590 1113 1665 deessent,

46 1647 123 1734 ‚tedes
136 1673 203 1732 tpsos
222 1657 403 1722 Dominicos
423 1685 438 1723 a
458 1663 584 1725 Calvino
604 1665 734 1726 sublatos
754 1667 971 1748 confingerent,
990 1677 1024 1726 ut
1044 1685 1111 1726 eum

44 1725 167 1812 aliundiaru
185 1749 340 1796 vocarent:
362 1759 451 1816 quum
470 1752 569 1800 tamen
590 1761 651 1802 non
671 1743 762 1802 modo
783 1762 842 1802 non
864 1741 1040 1823 postulante,
1059 1742 1113 1802 sed

40 1803 1111 1966 iiiiii-'iiiiiiiiii'linillii‘laiil'iiiiadiaiia'illidii

41 1958 234 2022 “medan
264 1963 409 2028 Calvinus
438 1937 617 2030 existimabit.
661 1969 884 2030 Ollendicnlum
909 1983 1008 2031 autem
1039 1969 1109 2031 iude

42 2031 168 2114 tumulis
187 2053 344 2122 acceptum
371 2043 494 2106 Calvino
518 2047 654 2126 praebuit
684 2045 776 2107 libelli
798 2047 835 2107 de
861 2047 1013 2107 scandalis
1036 2045 1110 2107 scri-

42 2170 47 2180 ,
79 2101 282 2197 ltertationem,
300 2118 463 2181 Laurentio
483 2121 668 2184 Nonnendio
680 2123 710 2206 [r
723 2126 880 2200 provincio
892 2121 1108 2204 Nomentum,

41 2183 167 2256 tthunnn
184 2194 340 2274 veterique
359 2197 454 2258 amieo
474 2198 614 2280 inseripti.

57 2328 227 2430 ,lilii-illuns
239 2347 357 2411 biennii
369 2351 610 2431 tranquillitatem
621 2353 736 2414 dissidia
752 2353 914 2433 sequentis,
926 2353 1109 2434 quinquage-

49 2417 140 2484 ΨΜ
151 2439 251 2503 nempe
266 2445 353 2505 supra
362 2429 654 2507 sesquimillesimum,
675 2429 760 2490 facile
773 2440 1008 2510 compensarunt.
1032 2429 1106 2488 Nam

48 2493 268 2620 fimtmnnuod
279 2504 335 2562 toti
347 2503 486 2596 ecclesiae
507 2527 539 2566 ac
552 2507 676 2598 Calvino
697 2505 869 2597 nominatim
889 2504 1038 2566 luctuosus
1052 2503 1108 2564 luit

46 2583 795 2742 tu'etita÷.‘¹t::¹,ttt;':t‚’t÷¹t¹tt{itt‘tis
808 2594 937 2740 ittet?
955 2579 1107 2717 lt‘lttl

44 2701 109 2800 bun,
123 2729 226 2800 praediti
255 2733 394 2808 interitu,
422 2735 564 2795 ellerbuit
587 2735 776 2796 lactiosorum
800 2737 972 2816 improbitas
997 2753 1034 2794 eo
1059 2753 1106 2792 ar·

43 2777 186 2878 luun‚„„0
212 2809 324 2868 diutius
350 2810 444 2886 sopita
472 2809 639 2872 delituerat:
670 2812 745 2872 adeo
775 2823 807 2871 ut
829 2810 923 2891 palam
960 2821 1106 2892 negarent

44 2875 80 2918 un
91 2870 283 2946 attentantibus
303 2887 448 2948 exsulibus
468 2887 511 2947 ius
532 2888 654 2948 civitatis
675 2887 966 2960 communicandum,
992 2907 1047 2946 nec
1067 2903 1104 2946 eo

43 2948 123 3006 witru
138 2954 282 3021 Celsinum
301 2965 396 3054 ipsum
422 2983 456 3023 ex
476 2966 621 3024 concione
644 2976 722 3024 trans
743 2963 918 3023 Rhodanum
938 2963 1035 3022 habita
1055 2979 1105 3020 re·

42 3005 126 3082 lustr„
140 3052 185 3108 per
206 3039 367 3098 ludibrium
393 3039 551 3120 pulsarint,
578 3051 608 3099 et
633 3041 838 3121 Raymundum
863 3040 926 3099 eius
960 3038 1104 3118 collegam

43 3101 94 3150 tacte
107 3099 165 3166 lette
180 3113 214 3173 ad
235 3114 417 3176 invisendum
437 3129 591 3198 aegrotum
606 3129 732 3210 pontem
744 3115 879 3175 Rhodani
894 3127 1105 3206 transeuntem,

43 3177 121 3255 teupi,
135 3182 223 3249 funin
242 3191 366 3264 subliea,
386 3212 478 3272 paene
499 3193 528 3252 in
549 3192 712 3254 subtectum
732 3192 849 3252 fluvium
871 3191 1104 3272 praecipitarunt:

44 3233 117 3323 inqu,
136 3259 160 3320 in
183 3266 248 3357 ipso
266 3267 336 3328 Divi
358 3267 490 3330 Gervasii
516 3268 628 3350 templo
651 3269 807 3328 tumultum
832 3287 893 3328 non
921 3287 1039 3347 parvum
1068 3285 1104 3326 eo

45 3331 133 3396 influit
152 3345 315 3420 excitarint,
339 3345 420 3426 quod
446 3345 579 3406 minister
603 3343 707 3406 inlanti
733 3345 769 3404 ud
794 3344 974 3436 baptismum
1001 3341 1104 3436 oblato

44 3393 101 3481 ''ll'‘
116 3409 273 3480 balthasaris
301 3441 429 3496 nomen,
458 3422 610 3502 (quoniam
636 3421 664 3482 id
690 3421 798 3481 diserte
823 3419 903 3502 leges
931 3419 1103 3500 iampridem

46 3479 115 3550 tripu,
137 3491 170 3552 ob
196 3508 305 3558 certam
331 3519 444 3558 causam
470 3498 687 3578 prohibebant)
709 3508 866 3557 recusaret.
904 3496 1009 3576 Neque
1039 3507 1104 3555 tum

49 3541 121 3620 tirus„
135 3563 198 3630 baec
216 3571 291 3634 mala
303 3575 457 3654 quicquam
476 3586 549 3651 erat,
570 3573 650 3656 quod
662 3573 801 3636 Calvinus
820 3584 999 3654 opponeret,
1019 3591 1104 3652 prae-

50 3624 152 3766 illrum
173 3645 368 3730 invictamque
392 3651 570 3730 patientiam.
615 3651 674 3710 Sed
703 3660 733 3709 et
756 3649 833 3708 allud
859 3669 967 3710 novum
994 3648 1102 3708 malum

63 3771 67 3782 .
101 3733 179 3783 ensem
202 3725 352 3787 eeclesiam
399 3747 433 3786 er
454 3728 484 3790 id
508 3739 568 3787 tem
592 3747 623 3788 us
655 3724 768 3786 invasit
808 3725 901 3786 Huius
932 3745 1016 3786 eausa
1047 3724 1104 3784 fult

44 3763 170 3868 bernym„
193 3802 309 3880 quidam
335 3747 474 3864 Bolsecus
500 3823 533 3863 ex
585 3801 780 3864 armelitarum
805 3802 945 3862 socictate
967 3801 1102 3861 Lutetiae

43 3861 147 3946 mllitlttt,
163 3879 241 3937 uude
260 3901 349 3958 quum
369 3879 483 3972 aliquot
500 3892 569 3940 ante
587 3880 687 3953 annis,
706 3877 818 3938 cuculla
839 3879 958 3956 quidem
977 3878 1102 3952 abiecta,

43 3926 244 4015 musurcbismo
270 3967 388 4016 retento
414 3977 443 4017 ιιι
463 3955 575 4016 ltaliam
596 3955 788 4046 profugisset,
814 3955 883 4014 inde
909 3973 1028 4090 quoque
1049 3955 1101 4013 de-

42 4016 86 4080 up,
99 4019 254 4090 ferrariensi
273 4032 396 4091 Ducissa
426 4032 525 4111 pulsus
549 4053 582 4092 ae
602 4031 719 4092 tandem
740 4032 839 4091 triduo
860 4050 908 4091 me
928 4032 989 4091 irus
1010 4031 1100 4090 iactus

43 4071 133 4160 le”²¹²¹ss
151 4121 280 4168 venerat:
312 4108 364 4166 ubi
389 4129 477 4187 quum
502 4109 581 4168 inter
604 4109 735 4168 eruditos
762 4109 891 4168 medicos
917 4107 998 4167 nullo
1032 4107 1099 4166 loco

43 4167 164 4241 ‘idedu
180 4203 243 4244 sese
263 4183 437 4265 theologum
457 4204 519 4245 esse
539 4185 724 4258 ostenderet,
745 4184 846 4244 laisum
866 4197 896 4242 et
915 4198 996 4243 mere
1016 4180 1101 4239 Pela-

66 4257 107 4307 ΜΝ
121 4258 243 4334 quiddam
263 4261 301 4322 de
321 4261 585 4340 praedestinatione
604 4261 738 4342 priuatim
752 4261 878 4340 primum
890 4260 969 4317 inter
985 4255 1100 4332 aliquos

166 4355 233 4400 coru
254 4337 394 4401 Calvinus
412 4337 537 4418 prinum
556 4337 707 4400 moderata
726 4335 956 4418 reprehensione
975 4340 1100 4391 conteu-
