2502 4854
263 1059 534 1131 Mscmtrtcts
568 1061 779 1140 DOMlNlS,

12 1247 232 1349 smmms
267 1251 683 1372 sumomonte
721 1254 1093 1376 cenuvium,

117 1477 308 1550 DoMtNts
331 1479 428 1549 suls
450 1483 572 1549 VERE
595 1405 915 1553 onsultvnmnts

315 1675 495 1740 lOANNFS
517 1677 721 1742 CALVlNUS

34 1859 130 1938 Spiritnn
148 1863 316 1944 prudentiae
341 1879 370 1928 et
393 1863 578 1930 fortitudinis¹
594 1887 817 1949 prosperumque
842 1865 1057 1954 gubernationis

256 2011 419 2054 successum
445 2014 461 2054 a
484 1992 612 2054 Domino
642 2005 783 2075 precatur.
905 2029 908 2036 .

399 2233 655 2246 -σ-σ-ο-ι-Ι--ηι

15 2433 119 2600 inno
143 2531 176 2596 in
202 2540 344 2600 mentem
372 2533 460 2598 venit
488 2529 544 2596 illa
571 2529 691 2598 Christi
720 2533 888 2611 sententia,
921 2553 984 2618 qna
1014 2534 1093 2598 tanti

15 2645 100 2712 *linat
120 2651 207 2738 quod
234 2649 423 2740 hospitibus
450 2649 640 2737 colligendis
668 2650 864 2738 impenditur
890 2651 1093 2718 humanitatis

15 2755 115 2846 fidon,
140 2783 173 2836 ut
193 2774 230 2840 in
252 2793 331 2838 sues
352 2773 495 2838 rationes
517 2780 683 2857 acceptum
705 2771 798 2850 ierat,
825 2771 922 2838 simul
945 2775 1094 2852 occurrit,

15 2896 63 2963 ΡΒ
83 2890 226 2978 ungulari
247 2911 312 2958 vos
335 2891 461 2960 honore
483 2889 633 2976 dignatus
656 2891 712 2970 sit,
743 2895 800 2979 qni
822 2889 935 2958 orbern
957 2903 1094 2958 vestram

14 3018 44 3066 tt
65 3011 143 3078 tutius
169 3011 223 3080 vel
253 3033 446 3100 pancorum,
472 3010 529 3078 sed
557 3031 727 3078 commune
747 3010 915 3078 Ecclesiae
936 3033 1014 3078 suae
1035 3013 1094 3080 ho-

15 3123 88 3206 illm
110 3153 176 3200 esse
204 3131 323 3202 voluit.
377 3133 512 3220 Semper
547 3130 632 3219 apud
664 3131 812 3197 homines
843 3131 1000 3218 profanos
1027 3152 1094 3199 uon

14 3241 65 3312 ”do
84 3247 217 3332 laudata,
251 3251 310 3320 sed
338 3273 403 3318 nna
431 3273 469 3318 ex
495 3253 675 3341 praecipuis
701 3247 874 3317 virtutibus
899 3248 1010 3318 habita
1036 3251 1096 3318 luit

13 3367 159 3450 optatius.
209 3375 260 3440 Ac
288 3371 427 3461 proinde
454 3373 489 3437 in
517 3370 635 3458 quibus
662 3381 832 3436 extremam
852 3367 1035 3438 barbariem
1057 3393 1095 3437 ao

13 3497 71 3552 toro
91 3515 217 3578 prorsus
245 3493 397 3560 efferatos
425 3492 577 3558 damnare
604 3489 737 3572 vellent,
771 3511 828 3558 eos
854 3485 1006 3573 ἀξένους,
1042 3490 1095 3560 vel

11 3605 59 3684 flod
78 3611 153 3680 iden
180 3613 282 3696 valet,
310 3612 521 3702 inhospitales
548 3609 717 3679 vocabant.
766 3611 888 3678 Laudis
914 3621 1017 3682 autem
1039 3633 1093 3678 ve·

11 3728 54 3790 tae
69 3728 154 3820 longe
174 3737 286 3824 potior
309 3743 358 3802 est
378 3737 477 3814 ratio,
509 3731 598 3821 quod
626 3731 820 3799 turbulentis
847 3732 935 3802 hisoe
957 3735 1094 3800 miseris·

10 3860 42 3926 tc
61 3854 247 3940 tenporibus
274 3854 437 3922 Dominus
464 3873 525 3920 vos
552 3855 730 3935 constituit,
765 3874 903 3942 quorum
934 3856 969 3920 in
996 3851 1094 3918 fidem

8 3969 215 4064 midiunquc
247 3998 284 4043 se
315 3977 499 4044 conferrent
525 3977 571 4063 pii
604 3983 637 4038 et
663 3975 787 4040 innoxii
815 3974 977 4061 hormines,
1012 3990 1095 4058 quos

6 4090 44 4150 bt
60 4109 140 4160 sares
160 4099 265 4162 ninus
288 4119 383 4184 quarn
401 4093 753 4182 sacrilegsllntiehtisti
776 4097 921 4181 tyrannis
944 4115 963 4158 e
984 4091 1094 4180 patriis

5 4203 94 4278 *dibus
113 4213 197 4303 lugat
215 4237 256 4289 eo
276 4217 427 4308 dispellit.
454 4217 569 4304 Neque
586 4212 620 4279 id
638 4214 751 4280 modo:
774 4212 831 4280 sed
846 4233 979 4287 ssorum
1002 4211 1095 4276 etiarn

5 4321 60 4406 lud
76 4355 128 4402 ros
148 4335 346 4406 domicilium
368 4338 491 4406 nomini
515 4357 576 4402 suo
605 4335 737 4416 dicavit,
767 4331 824 4400 ubi
853 4353 934 4421 pure
962 4325 1095 4398 colatur.

5 4431 92 4518 Μὴ
114 4453 242 4526 drrobus
267 4461 414 4548 quisquis
441 4460 602 4526 minimam
629 4465 750 4542 partem
779 4451 831 4517 vel
851 4449 955 4538 palam
976 4450 1097 4535 resciu-
1243 4457 1244 4466 ’
