2496 4852
142 237 153 244 ·
196 209 253 284 (tt.
273 208 380 275 idaliae
399 209 605 286 wentam
624 209 693 275 teau
711 210 861 293 meus.)
1035 217 1101 287 nto

8 353 107 420 torn
127 375 218 423 susm
269 357 322 426 42.
352 357 519 444 Quoniam
551 358 649 426 unica
674 354 843 428 otta-oue
872 359 907 425 ai
934 375 1101 429 annom

7 453 149 534 duodecim,
167 466 198 522 et
216 455 299 522 haec
316 456 525 524 moriebatur.
567 459 692 524 Verum
713 457 799 522 inter
817 455 959 521 eandum
979 455 1098 523 turbae

7 545 172 620 coarctabant
192 579 275 624 eum.
321 557 374 624 tat
392 558 436 624 Et
455 555 587 637 mulier,
615 577 699 645 quae
722 566 792 623 erat
811 555 952 623 obnoxia
973 557 1098 645 proflu-

7 657 41 718 oio
56 659 201 741 sangoinis
221 655 264 724 ab
287 661 380 725 annis
401 655 585 737 duodecim,
606 679 689 745 quae
709 659 743 724 io
766 654 912 726 medicos
929 655 1097 746 impende·

8 767 37 818 ut
51 777 159 822 omens
179 755 400 836 substantiam,
420 781 485 824 nec
505 757 549 823 ah
569 757 641 825 uilo
660 769 813 845 potuerat
829 763 949 837 curari,
967 761 1099 825 dmo-

9 859 70 919 oaoit
87 869 181 938 rotro,
203 868 236 923 et
255 859 360 946 tetigit
380 857 541 926 fimbriam
553 861 745 924 redimenti
768 859 850 937 eius,
874 869 906 924 et
927 859 1097 927 confestim

8 959 63 1020 stetit
80 953 172 1024 timus
195 961 365 1046 sanguinis
386 961 464 1028 eius
506 959 558 1026 45.
585 959 627 1026 Et
650 961 694 1026 ait
713 959 818 1038 lesus,
845 957 931 1045 Quis
950 969 1012 1042 est,
1040 959 1099 1048 qui
1193 1000 1195 1004 ν

9 1077 39 1116 se
54 1059 156 1142 tetigit?
196 1057 404 1146 Negaotibus
424 1071 532 1126 autem
549 1059 714 1140 omnihus,
745 1059 824 1126 dixit
844 1061 960 1126 Petrus
987 1069 1020 1125 et
1039 1061 1100 1146 qui

11 1175 54 1219 un
73 1156 121 1224 ilio
147 1169 257 1240 erant,
284 1161 497 1248 Praeceptor,
524 1159 639 1226 turbae
660 1170 694 1227 te
715 1163 938 1250 constringunt
959 1169 992 1226 et
1016 1159 1101 1225 atttr-

12 1269 74 1334 ttrot,
90 1271 117 1324 et
137 1258 230 1342 dicis,
253 1259 341 1349 Quis
362 1283 413 1327 me
438 1263 560 1347 tetigit?
603 1261 654 1328 to.
679 1261 722 1328 Et
745 1260 825 1328 dixit
844 1261 949 1339 Iesus,
976 1259 1099 1346 Tetigit

12 1375 43 1418 oe
56 1356 164 1446 aliquis:
187 1383 267 1428 nam
289 1383 353 1448 ego
373 1365 466 1441 novi,
486 1365 638 1428 virtutem
660 1382 680 1426 a
700 1382 753 1426 me
773 1377 928 1428 manasse.
968 1363 1021 1430 47.
1040 1363 1100 1428 Vi·

18 1455 63 1520 ten
81 1471 174 1525 autern
203 1462 343 1540 mulier,
378 1460 469 1550 quod
490 1481 560 1527 non
584 1461 746 1540 latuisset,
778 1471 920 1528 tremens
945 1465 1038 1528 venit
1061 1483 1102 1528 ae

23 1557 106 1640 poddit
124 1570 197 1627 ante
215 1561 324 1650 pedes
345 1563 430 1642 eius,
452 1571 485 1628 et
507 1559 552 1628 ob
573 1583 668 1652 quam
691 1584 818 1630 causam
839 1565 996 1652 tetigisset
1017 1583 1102 1644 eum,

20 1657 119 1726 odoarit
140 1664 172 1726 ei
193 1683 309 1730 coram
329 1673 401 1729 toto
420 1660 562 1748 populo,
584 1672 617 1729 at
637 1663 909 1749 quemadmodum
930 1662 1101 1730 confestim·

17 1769 82 1823 mm
97 1773 184 1828 essm.
225 1763 283 1830 48.
303 1765 347 1829 At
366 1763 425 1829 itte
447 1762 528 1829 dixit
548 1764 587 1841 ei,
609 1760 755 1831 Confido
777 1763 862 1844 ntia,
883 1763 969 1831 fides
988 1775 1045 1832 tua
1066 1775 1102 1833 te

15 1863 218 1930 coronante
241 1866 277 1930 in
298 1885 390 1952 pace.

61 2015 211 2088 iiatth.18.
251 2019 343 2082 Haec
360 2043 449 2102 possm
466 2019 527 2081 illis
545 2017 717 2100 loquentur.
765 2019 828 2096 Qui
852 2019 937 2084 aliam
963 2023 1101 2086 ahiarco

16 2089 101 2155 tihoca
118 2118 199 2176 qoam
220 2119 238 2159 a
258 2097 411 2160 Mattiaco
432 2097 585 2159 historiam
605 2097 710 2168 referri
730 2095 863 2180 fingunt,
889 2099 993 2162 clarius
1019 2099 1103 2162 reiu-

16 2169 124 2232 morat
142 2173 207 2254 ipso
233 2186 394 2250 contexto,
426 2195 512 2256 quam
539 2185 572 2234 ut
594 2193 643 2236 res
668 2173 758 2256 ionga
783 2173 981 2253 disputatione
1007 2187 1103 2258 egeat.

15 2241 62 2304 Tres
76 2267 124 2308 noo
142 2270 194 2310 ore
213 2261 354 2332 rogatum
375 2271 391 2311 a
410 2247 544 2334 principe
568 2269 680 2334 synago
703 2269 737 2310 ae
757 2247 907 2312 Christum
927 2250 1044 2328 dicunt,
1069 2261 1104 2318 ot

16 2315 94 2382 ionum
114 2327 225 2388 reniret
249 2325 399 2388 sanandae
424 2323 499 2388 filiae
525 2347 618 2388 causa.
699 2346 736 2387 oc
761 2325 852 2386 modo
880 2337 924 2388 est
947 2327 1105 2406 diversum,

17 2397 66 2485 tend
81 2419 176 2489 nomen
196 2402 268 2494 laipi
289 2424 306 2464 a
326 2401 476 2493 Matthaeq
495 2422 683 2484 suppressum
702 2401 780 2493 apud
800 2401 932 2494 hiarcam
953 2403 1104 2466 etLucam

17 2477 434 2638 {tittt‘atttitat'tttt
451 2477 1104 2632 ttaittt‘tttttdtttafitatttia

17 2625 129 2710 nitioere
147 2631 235 2693 inisse
257 2630 440 2707 nuntiatam,
466 2629 535 2690 dum
556 2629 711 2694 Christum.
725 2629 894 2692 adduceret.
933 2630 994 2692 Sed
1012 2630 1045 2692 in
1065 2650 1104 2693 eo

18 2697 62 2786 tihi
76 2699 196 2783 absurdi,
222 2707 308 2801 quod
327 2707 494 2770 Matthaeus
514 2705 692 2788 compendio
711 2709 833 2770 studens
850 2706 942 2768 semei
960 2707 1106 2790 perstrin-

18 2787 50 2852 ιιι
63 2799 122 2868 puae
139 2783 185 2846 alii
205 2783 347 2846 drotiocte
365 2783 424 2846 sois
444 2783 517 2846 locis
536 2784 682 2866 digerunt.
721 2783 980 2864 Caeteromqoom
992 2783 1108 2864 reliqua

19 2871 82 2912 onon
97 2868 148 2920 taor
165 2873 234 2942 apte
252 2859 443 2936 cohaereant,
462 2881 551 2940 quum
573 2871 619 2921 tot
637 2859 669 2920 io
688 2881 779 2920 uourn
793 2871 959 2942 congruant
978 2859 1107 2922 circom-

20 2929 117 3008 outae,
137 2949 169 2998 ot
193 2950 254 3000 tres
276 2934 361 3020 digiti
386 2937 539 2996 videantur
562 2935 648 2998 simoi
669 2934 772 2996 directi
792 2955 854 2996 esse
874 2935 908 2996 ad
935 2955 999 2998 rern
1018 2957 1107 2998 unam

20 3011 199 3089 oooatraodarn,
219 3013 301 3074 nulla
321 3011 396 3073 ratio
416 3014 528 3094 patitur
540 3010 737 3073 narrationem
758 3010 831 3075 hanc
851 3011 887 3072 ad
900 3011 1011 3072 diversa
1031 3023 1109 3074 tem-

20 3097 66 3168 i⁰f²
85 3088 197 3148 trahere.
249 3091 380 3150 Narrant
409 3110 470 3150 uuo
502 3107 556 3150 ore
576 3086 798 3180 Evangciistae,
828 3107 917 3166 quoru
939 3087 1110 3150 chrisma

22 3159 436 3304 tttttttttattttt'
453 3163 1110 3319 {tittttttttti‘titiitttgattt

24 3313 252 3396 intactarum,
274 3339 364 3400 quom
383 3320 414 3378 in
436 3317 555 3378 domum
576 3314 716 3454 principis
726 3313 862 3405 acuisset,
881 3311 1009 3396 pueliam
1029 3334 1110 3374 mor-

22 3393 72 3446 tato
85 3397 234 3454 suscitasse.
285 3391 377 3456 Certe
407 3393 500 3475 longo
525 3413 685 3454 verorum
709 3402 833 3452 crreortu
859 3412 934 3472 opus
959 3410 1022 3454 esse
1047 3411 1111 3454 noo

69 3469 295 3606 ‚offlhemos
313 3467 392 3530 idem
412 3491 428 3532 a
447 3468 543 3532 tribua
562 3467 678 3530 referri.
716 3467 875 3528 Veniamus
895 3488 974 3528 nuuc
994 3465 1029 3530 ad
1049 3467 1111 3530 ain·
1239 3507 1240 3523 ι

22 3473 72 3614 {dii
198 3551 317 3624 primam
334 3543 461 3626 proiciam.
548 3565 692 3626 nonquam
717 3563 751 3602 ex
776 3541 839 3604 aliis
865 3541 980 3605 duobus
1005 3541 1112 3626 liquet,

22 3631 191 3705 tqn'eoosqoe
215 3643 400 3706 progressam
422 3621 509 3688 tuisse
534 3620 611 3682 illios
631 3619 782 3694 fiduciam,
807 3620 946 3680 attritam
967 3618 1044 3680 filiae
1063 3640 1113 3682 re·
1239 3673 1240 3676 ,

23 3697 75 3772 attor
91 3717 167 3776 posse
184 3710 333 3790 mereret,
357 3719 418 3760 non
440 3697 561 3758 dubium
580 3709 681 3758 tamen
702 3707 763 3770 est,
789 3695 859 3776 quin
880 3717 896 3758 a
917 3695 1037 3758 Christo
1058 3695 1113 3756 oh·
1239 3737 1240 3770 ;

24 3769 807 3930 attaasataaaaeaattrtastato„
822 3783 1033 3930 strata,
1052 3769 1115 3930 {a

25 3927 62 3990 ⁰¹¹2
77 3925 144 4000 qood
162 3928 300 4010 temporis
319 3947 455 3990 successo
476 3927 583 3988 iactum
603 3937 672 4014 est..
688 3923 737 3986 Sic
749 3936 846 3986 tammo
859 3924 979 3986 historia
992 3921 1115 4014 terenda

25 4003 62 4064 δὲ
77 3999 144 4076 qood
163 4002 360 4084 primolairus
379 4005 501 4085 petierit
517 4000 613 4063 sanari
632 3999 810 4064 filiamsuam
831 4021 847 4062 a
866 4000 987 4062 morbo:
1008 3997 1116 4062 derude

27 4085 125 4159 tuorte
141 4077 170 4138 iu
188 4080 275 4140 vitam
295 4079 427 4154 restitui,
453 4091 608 4162 postquam
632 4075 745 4138 scilicet
771 4077 813 4140 itti
832 4077 960 4141 animum
982 4073 1116 4146 Christus

28 4141 115 4210 dantia
151 4153 295 4218 Aterion
322 4178 383 4248 pro
407 4154 614 4240 genuflexione
640 4153 768 4292 capitor,
797 4153 884 4214 sicuti
909 4171 944 4214 ex
968 4147 1060 4212 Marci
1084 4159 1118 4212 et

29 4214 97 4284 [Μ
117 4229 205 4294 verbis
230 4231 297 4296 colii
321 4255 411 4296 omos:
439 4249 537 4313 oeque
562 4228 642 4292 enim
689 4230 797 4292 irinum
824 4228 944 4291 Christo
970 4225 1117 4288 honorem

32 4291 128 4368 “idaei
146 4305 250 4388 iairoa,
266 4253 320 4376 sed
345 4307 438 4374 coioit
456 4320 489 4372 ot
507 4307 565 4370 Dei
586 4306 769 4394 prophetam.
809 4300 986 4370 Geoussesio
1008 4310 1116 4378 autem,
