2536 4848
153 235 215 314 η
491 221 645 292 murro
664 225 735 288 an
763 225 961 290 uncum

156 377 342 467 adgregati
367 384 444 443 sant
463 371 570 454 malti,
598 371 742 442 adnout
762 375 824 440 iam
845 379 1094 461 nun-asperent
1113 375 1181 452 aaa,
1198 371 1251 458 qud

156 485 241 548 circa
259 484 389 546 ianuam
408 487 502 544 erant
521 475 604 554 loca,
623 486 657 541 et
677 473 876 562 loquebatur
897 475 945 542 eis
966 493 1155 540 sermonem
1192 467 1251 538 db

154 561 292 656 ueniunt
315 577 357 646 ad
379 600 453 644 eum
478 575 622 642 lerentes
642 575 875 663 paralyticum,
903 577 961 664 qui
982 597 1002 658 a
1022 585 1162 663 quatuor
1180 545 1251 658 portl

155 683 260 752 batur.
310 679 343 744 4·
373 677 417 742 Et
443 697 542 764 quum
576 697 646 744 non
672 688 808 764 possent
840 682 1107 766 appropinquare
1133 672 1181 740 illi
1206 683 1251 757 ard

156 783 261 862 turba,
278 779 485 848 nudaverunt
504 785 622 842 tectum
635 777 772 860 aedium,
792 777 956 866 inquibus
979 785 1061 858 erat,
1078 771 1251 866 perfossoqu

157 879 252 953 tecto
275 880 446 947 demittunt
472 874 679 964 grabbatum,
705 880 830 968 inquo
857 879 1059 968 paralyticus
1086 873 1214 944 iacebat.
1244 869 1251 968 i

159 988 270 1074 Quina
299 989 406 1046 autem
430 976 566 1044 vidisset
595 979 687 1046 lesus
710 978 816 1046 fidem.
837 979 985 1059 illorum,
1022 980 1071 1044 ait
1103 975 1190 1064 paral
1224 977 1229 989 '

156 1085 232 1164 mit,
250 1084 458 1149 remittuntur
476 1077 539 1144 tibi
557 1089 691 1166 peccata
713 1089 777 1146 tua.
824 1080 855 1145 6.
880 1079 984 1146 Erant
1003 1089 1114 1148 autem
1133 1073 1197 1142 illic

159 1187 234 1270 dam
263 1178 423 1250 eScribis
450 1169 615 1260 sedentes,
634 1189 667 1244 et
697 1184 875 1270 cogitantes
895 1181 932 1246 in
959 1176 1118 1246 cordibus
1143 1181 1213 1254 suis,

157 1393 307 1476 peecata,
333 1383 398 1447 nisi
417 1378 508 1448 solus
527 1381 639 1448 Dauni
680 1383 711 1447 8.
737 1381 781 1446 Et
800 1383 949 1469 pretim
968 1399 1072 1469 quum
1092 1397 1171 1464 oogn
1210 1374 1217 1389 ’

157 1489 249 1554 lesus
271 1483 395 1570 Spiritu
415 1501 492 1579 suo,
529 1479 620 1568 quod
649 1483 696 1546 sic
723 1483 903 1569 cogitarent
921 1485 1007 1550 intra
1034 1501 1087 1562 se,
1124 1473 1246 1546 dixil''

160 1586 254 1676 Quid
272 1589 336 1654 ista
356 1583 502 1670 cogitatis
528 1583 564 1648 in
585 1579 741 1650 cordibus
761 1585 896 1656 resumi
937 1585 969 1650 9.
994 1583 1115 1652 Utrum
1140 1590 1185 1648 est
1208 1576 1233 1640 ta

158 1687 240 1765 lius,
261 1685 371 1752 dicere
391 1679 590 1769 paralytico,
616 1683 837 1750 Remittuntur
854 1682 916 1749 tibi
935 1695 1091 1772 pacata:
1115 1701 1156 1749 an
1174 1679 1233 1745 dioc

160 1789 279 1876 Surge,
301 1795 335 1850 et
354 1782 436 1849 tolle
458 1780 649 1868 grabbatum
669 1793 776 1862 tuum,
803 1794 837 1851 et
857 1779 1007 1852 ambula?
1050 1783 1102 1852 to.
1122 1783 1166 1850 Ut
1184 1787 1239 1844 autc

160 1889 284 1971 sciatis,
310 1883 402 1974 quod
421 1883 526 1950 Filius
553 1883 692 1952 bominis
718 1883 821 1952 babet
847 1879 1041 1972 potestatem
1068 1886 1105 1952 in
1131 1895 1239 1951 terrai

159 1982 311 2056 mittendi
331 1993 474 2072 moesta,
494 1985 554 2066 (ait
573 1983 775 2073 paralytico)
817 1985 867 2052 11.
888 1985 967 2052 Tibi
985 1985 1073 2064 dieo,
1093 2003 1189 2070 surge,
1203 1990 1229 2044 to

161 2086 354 2183 grabbatum
374 2094 473 2166 tuum,
495 2085 602 2152 stabi
623 2089 658 2152 in
680 2085 811 2153 demum
832 2096 928 2153 tuam.
969 2087 1021 2156 12
1041 2087 1086 2154 Et
1106 2088 1224 2152 statim»

161 2189 253 2271 rexit,
272 2185 470 2274 sublatoque
490 2185 648 2274 grabbato
670 2208 818 2274 egressus
840 2198 888 2254 est
901 2191 942 2253 in
956 2183 1216 2276 conspecmomui

162 2291 251 2358 adso
271 2298 309 2354 ut
327 2297 551 2374 ampescerent
571 2307 695 2368 omnes,
717 2298 751 2354 et
764 2287 989 2376 glorificarent
1004 2288 1124 2368 Deum,
1142 2285 1230 2354 dicem

162 2391 341 2480 Nunquam
362 2392 410 2455 nic
430 2389 579 2456 vidimus.
800 2375 804 2382 ¹
884 2417 888 2427 ·

245 2522 349 2592 LUC.
369 2525 411 2590 V.
454 2523 505 2590 17.
526 2521 569 2588 Et
590 2523 707 2590 laetu·
730 2534 780 2591 est
799 2523 941 2612 quodam
960 2523 1032 2606 dis,
1054 2529 1089 2590 et
1106 2523 1172 2610 ipse
1189 2515 1223 2581 do

162 2625 235 2694 bats
257 2634 414 2711 erantque
435 2625 601 2691 Pharisaei
620 2625 773 2692 sedentes
795 2645 833 2691 ac
853 2626 951 2713 Legis
972 2625 1137 2702 doctores,
1162 2617 1235 2706 quii

163 2733 283 2798 nerant
306 2725 454 2790 exomni
475 2724 609 2792 castello
632 2725 812 2806 Galilaeae,
830 2737 863 2792 et
883 2727 1043 2808 iudaeae,
1064 2737 1098 2793 et
1115 2713 1229 2789 teruale

165 2829 322 2896 tat-virtus
339 2825 476 2891 Domini
493 2825 607 2892 aderat
627 2827 669 2894 ad
689 2829 869 2896 sanandum
891 2849 958 2895 eos.
1000 2827 1053 2895 18.
1075 2827 1119 2894 Et
1137 2839 1201 2890 ecca
1231 2815 1236 2828 '

163 2935 333 3018 ponantur
352 2929 387 2992 in
408 2924 496 2993 lecto
514 2927 687 3009 bominem,
707 2933 763 3018 qui
785 2937 854 2995 erat
873 2927 1088 3017 paralyticus,
1107 2935 1140 2992 et
1157 2941 1207 3010 qua

163 3029 340 3098 bruneum
372 3027 495 3094 inlsrre
521 3038 556 3094 et
580 3049 707 3116 ponere
729 3041 810 3096 ⁴arne
833 3053 915 3096 eum.
965 3023 1020 3098 '19.
1047 3032 1090 3096 Et
1113 3045 1174 3096 non
1194 3024 1233 3086 int

165 3135 309 3210 mentem
335 3150 400 3217 qua
420 3139 513 3215 parte
538 3130 632 3196 illum
656 3129 821 3198 inferrent
839 3149 921 3220 praa
945 3129 1058 3214 turba,
1083 3123 1204 3197 ascendl

164 3255 263 3324 supra
282 3243 410 3310 tectum,
431 3251 469 3296 ao
488 3253 550 3318 per
568 3231 694 3319 tegulas
714 3231 916 3303 demiserunt
934 3252 1007 3299 eum
1025 3251 1099 3298 eum
1117 3221 1219 3324 lectulo
1233 3216 1248 3328 ἰ

165 3335 308 3402 madium
330 3343 404 3398 ante
425 3331 541 3398 lasum.
591 3335 642 3398 aa
667 3331 816 3428 Quorum
842 3333 945 3403 fidem
965 3345 1001 3400 ut
1016 3333 1115 3409 ¹vidit,
1137 3325 1203 3394 din'l
1219 3319 1244 3426 '‚

165 3437 287 3513 Homo,
304 3436 512 3498 remittuntur
526 3431 588 3499 tibi
608 3445 744 3520 peecata
766 3447 830 3502 tua.
871 3435 923 3501 m.
948 3435 992 3501 Et
1011 3436 1181 3520 coeperunt
1238 3515 1243 3526 ¹

166 3547 238 3603 tare
256 3531 392 3612 Suibae
414 3544 447 3600 et
467 3535 647 3614 Pharisaei,
668 3535 828 3615 dicentes,
849 3535 940 3622 Quis
958 3547 1008 3602 est
1027 3535 1090 3614 laic,
1113 3531 1164 3619 qui
1180 3523 1206 3588 ¹⁰

167 3647 220 3705 tur
248 3633 488 3724 blasphemiasi
530 3637 602 3723 quis
621 3645 730 3723 potest
756 3641 922 3702 remittere
945 3647 1081 3724 peecata
1110 3631 1167 3699 nisi
1191 3615 1227 3686 ⁵0¹

166 3737 278 3804 Deus?
319 3739 370 3802 22.
397 3739 444 3802 Ut
470 3745 579 3802 autom
609 3741 763 3824 cognovit
788 3738 879 3804 lesus
909 3741 1118 3825 cogitationes
1138 3734 1227 3830 ἔμω,

166 3833 371 3926 respondens
393 3838 472 3904 dixit
493 3837 535 3903 ad
557 3859 628 3917 eos,
649 3838 740 3925 Quid
762 3841 910 3926 cogitatis
930 3843 966 3906 in
990 3837 1139 3908 cordibus
1154 3829 1238 3892 wll*

165 3941 218 4006 ἢ
239 3941 354 4004 Utrum
376 3950 427 4004 est
444 3937 587 4016 lucilius,
603 3939 734 4018 dicere,
761 3941 981 4007 Remittuntur
1001 3939 1061 4007 tibi
1080 3939 1205 4026 penta:
1223 3931 1248 3978 '¹¹

167 4037 287 4118 dicero,
307 4037 410 4126 Surge
429 4049 463 4104 et
482 4038 635 4105 ambula?
675 4041 729 4105 24.
747 4043 794 4107 Ut
815 4053 921 4107 autem
943 4042 1062 4122 solatis,
1081 4031 1161 4126 quod
1178 4015 1248 4090 l'ffll'

166 4142 307 4208 bominis
328 4139 434 4207 babet'
447 4149 639 4226 potestatem
659 4142 694 4206 in
716 4147 811 4224 terra}
831 4147 891 4224 (ait
904 4141 1101 4230 paralytica)
1118 4119 1247 4199 Tibtdioc

166 4263 273 4332 stuge,
294 4241 374 4312 tolle
395 4241 513 4311 lectum
534 4251 632 4320 tuum,
654 4253 686 4308 et
705 4243 791 4309 vade
811 4247 848 4312 in
869 4245 1001 4312 domum
1022 4253 1110 4310 tunm
1127 4225 1246 4303 ΜΨ

166 4343 335 4453 tottlcetitu
353 4365 489 4434 surgens
504 4365 619 4430 corang
634 4341 708 4426 illis,
728 4343 998 4430 antuutlectuu,
1018 4347 1051 4414 iu
1063 4361 1124 4431 quo
1136 4319 1251 4403 inumb
