2522 4852
269 251 323 326 (21
330 253 420 319 -22
440 201 592 313 &aare
609 246 793 331 psoptetia.)
1061 255 1101 320 tte

20 391 220 466 11,an
239 405 272 454 et
291 393 439 457 aarum.
475 393 521 456 Ae
542 391 579 454 de
600 393 740 457 simensis
760 393 841 473 prim
856 391 1020 462 ,dicendum
1046 405 1100 456 est.

19 467 88 542 Quale
105 469 185 530 suerit
204 469 263 530 eius
283 470 429 543 conditio,
448 491 509 530 non
531 469 670 550 legimus:
691 483 723 528 et
742 469 806 530 fieri
827 481 941 550 potest,
961 482 993 530 ut
1013 470 1102 532 suerit

17 545 110 626 deheim
126 546 262 626 quispiam
283 546 374 606 homo
401 558 432 606 et
455 545 725 613 obseuraelamae.
766 545 922 607 Caeterum
950 569 966 606 a
1014 547 1101 612 ietate

16 635 34 680 rt
46 621 133 682 iustitia
150 643 212 684 eum
232 622 422 682 commendat
439 623 545 694 Lucas,
563 623 669 702 quihus
687 621 768 684 addit
808 623 960 704 rophetiae
1002 645 1101 686 οιιιιιιι.

16 701 82 758 listas
96 711 122 757 et
137 699 239 758 iustitia
260 699 432 758 reseruntur
450 699 486 760 ad
513 699 584 760 duas
601 699 643 760 Le
667 700 689 760 is
713 645 840 762 tabulas:
864 700 964 780 itaque
989 699 1101 764 duabus

16 775 42 832 lis
75 773 169 836 artilm
191 787 309 836 consta
340 775 492 868 integritas
522 775 607 836 vitae.
646 717 778 845 gl‘ietatis
805 776 1004 836 testimonium
1037 775 1102 856 luit,

15 796 74 928 quel
86 863 252 931 exspectaret
277 849 516 913 consolationem
545 851 650 912 Israel:
682 873 779 932 neque
804 853 881 913 enim
906 853 970 914 sine
994 854 1101 919 fiducia

15 927 81 986 uum
96 929 145 987 rite
162 927 269 988 colitur
281 928 374 1002 Deus,
394 948 470 1007 quae
489 941 552 1018 tum
573 949 606 988 ex
626 929 683 990 fide
701 928 926 1065 premissionem
937 931 1008 1021 ,eius
1025 952 1101 1012 pen·
1116 1013 1118 1016 Ι

16 1003 57 1076 tu,
74 1015 124 1064 tam
145 1005 266 1064 maxime
292 1025 327 1064 ex
351 1005 565 1065 instauratione
596 1025 647 1086 per
674 1005 699 1066 C
723 1019 823 1066 rustum
849 1028 998 1086 promissa.
1037 1007 1101 1070 Iam

18 1101 62 1214 tt
72 1079 1102 1240 tut-t,‘²¹³⁵ttttffltttlffltttitt?‘ttttt'ttttt‘ttttt

17 1233 112 1293 mtto
126 1199 180 1294 soii
211 1245 350 1294 overent.
390 1200 537 1296 Omnibui
557 1235 673 1313 quidem
684 1235 725 1294 -in
747 1255 801 1296 ore
826 1249 890 1296 erat
909 1235 1043 1312 Messias,
1069 1250 1101 1299 et

17 1305 176 1370 lotusutus
193 1309 250 1370 sub
273 1330 370 1402 regno
390 1309 524 1374 Doridis:
549 1311 599 1370 sed
621 1331 710 1372 nemo
731 1311 793 1372 iere
817 1311 934 1372 interim
975 1313 1103 1376 sitienter

18 1383 93 1444 luelat
107 1399 269 1466 praesentes
290 1385 434 1462 miserias,
453 1385 507 1447 ltac
527 1387 731 1448 consolatione
753 1387 860 1460 fretus,
879 1334 972 1468 sptiodP
979 1390 1102 1454 instaret

19 1459 119 1522 hetnae
135 1463 311 1544 redemptio.
351 1462 446 1524 Sicuti
465 1474 563 1522 autem
582 1461 614 1524 in
634 1463 692 1524 hoc
712 1463 817 1524 enituit
829 1463 976 1526 Simeonis
997 1469 1102 1548 pietas,

25 1539 74 1622 put
89 1538 198 1598 animam
222 1562 313 1600 sunm
338 1537 475 1603 sustinuit
500 1539 530 1599 in
555 1539 774 1621 exspectatione
805 1541 963 1621 promissae
992 1543 1103 1624 salutis,

29 1613 179 1701 uentis,
203 1617 378 1695 quicunqne
404 1613 533 1696 probare
550 1635 583 1676 se
612 1615 718 1678 volunt
740 1615 799 1677 Dei
823 1617 929 1692 Filios,
955 1619 1105 1700 suspirent

26 1691 119 1751 ouum
134 1691 206 1752 sotis
225 1693 264 1752 ad
287 1692 461 1772 promissam
480 1691 725 1776 redemptionem.
763 1693 838 1756 Nam
851 1693 1009 1756 tolerantia
1027 1718 1103 1776 opus

24 1775 50 1820 tt
69 1787 135 1846 tique
159 1768 196 1828 ad
221 1768 362 1830 ultimum
388 1767 500 1828 Christi
523 1769 689 1830 adventum.
736 1769 866 1844 Spiritus
894 1786 1011 1832 enudus
1040 1789 1104 1834 erat

20 1859 143 1926 ψη
178 1845 251 1905 Νοιι
273 1844 410 1925 loquitur
429 1844 466 1904 de
484 1843 597 1924 Spiritu
616 1844 795 1926 adoptionis,
837 1847 865 1908 ui
886 1845 1103 1912 omnibusDei

19 1913 72 1976 liliis
85 1921 230 1984 eommunis
252 1934 310 1994 est,
329 1921 399 1982 licet
418 1941 479 1982 non
501 1920 616 2002 aequali
634 1923 736 2000 modo,
755 1924 806 1984 sed
816 1869 855 1984 de
868 1925 1008 2006 peculiari
1020 1925 1102 1989 dono

20 1993 155 2080 prophetiae:
179 1997 261 2078 qnod
284 1997 391 2060 clarius
411 2009 494 2088 patet
513 2018 548 2058 ex
568 1999 701 2092 proximo
721 2021 806 2062 versu
826 2013 857 2062 et
875 2003 1025 2080 sequenti,
1040 2003 1102 2069 ulti

22 2083 102 2146 riatur,
117 2071 302 2156 Responsum
321 2094 468 2154 accepisse
488 2095 505 2136 a
526 2073 638 2155 Spiritu
662 2090 781 2153 sancto,
807 2089 838 2137 et
861 2079 965 2142 eodem
988 2077 1103 2160 Spiritu

21 2143 65 2204 lure
82 2151 177 2212 senose
201 2153 232 2214 in
261 2148 416 2231 templum.
466 2151 607 2227 Quamvis
633 2174 705 2236 ergo
731 2152 814 2216 nullo
841 2151 960 2234 publico
986 2155 1104 2218 bonore

19 2221 129 2308 recelleret
149 2227 292 2300 Simeon,
318 2227 445 2311 egregiis
469 2239 567 2289 umen
593 2229 711 2292 dotibus
738 2241 857 2292 ornatus
883 2229 952 2306 init,
983 2232 1104 2312 pietate,

19 2311 65 2356 utu
79 2301 249 2380 innocentia,
270 2301 329 2364 tte
350 2317 380 2364 et
399 2303 564 2386 prophetia.
600 2305 665 2366 Nec
685 2305 806 2368 dubium
827 2319 886 2380 est,
927 2309 977 2368 isin
998 2329 1104 2371 oracu-

20 2369 56 2432 las
74 2375 134 2439 istud
155 2403 228 2442 nnus
261 2381 396 2460 privatim
420 2402 488 2442 acce
512 2381 585 2458 erit,
615 2393 650 2442 ut
680 2383 843 2444 communis
873 2329 943 2443 inde
973 2384 1010 2445 ad
1038 2387 1105 2476 pios

21 2457 281 2520 smesconlirmatio
301 2469 440 2518 manaret.
508 2471 614 2519 ocatur
644 2457 726 2520 Iesus
754 2455 884 2518 cursum
902 2457 978 2536 Dei,
1021 2483 1105 2525 uraa

21 2521 75 2588 litte
90 2546 182 2594 noctus
200 2546 267 2608 est,
293 2546 324 2594 et
347 2556 406 2595 una
429 2556 496 2596 cum
518 2535 632 2616 Spiritu
651 2533 748 2618 Regni
769 2547 801 2595 et
819 2533 984 2598 Sacerdotii
1000 2481 1104 2599 lonn-

22 2621 58 2660 ms
71 2611 173 2690 aceepit.
210 2609 339 2671 Venisse
360 2611 482 2673 Simeon
503 2611 533 2671 in
553 2611 695 2692 templum
716 2611 823 2672 dicitur
846 2613 878 2671 irs
902 2615 1023 2690 spirita,
1047 2613 1105 2680 hoc

21 2691 156 2752 tatticano
175 2688 321 2750 instincto
342 2699 373 2747 et
392 2699 472 2750 certa
491 2688 689 2766 revelatione,
709 2700 742 2749 ut
762 2689 881 2752 Christo
901 2685 1081 2752 ocru'rreret.

44 2765 103 2842 ,29-
134 2761 220 2825 Nurac
247 2761 386 2825 disum,
415 2763 459 2825 Ex
479 2763 538 2825 lion
557 2766 672 2826 cantico
693 2765 760 2828 satis
781 2779 912 2841 constat,
932 2767 1105 2830 Simeonem

21 2829 140 2920 ³lituum
158 2841 257 2902 carnis
277 2840 371 2902 oculis
395 2840 534 2902 intuitum
558 2861 622 2902 esse
640 2839 747 2902 Filium
766 2841 838 2905 Dei:
871 2843 1001 2904 exterior
1025 2845 1106 2908 enim

22 2907 93 2972 llmti
109 2931 282 2998 conspectus
303 2917 375 2978 nihil
394 2930 514 3010 poterat
533 2939 618 2996 quam
639 2929 841 3012 contemptum
866 2919 1022 2997 inducere,
1047 2921 1106 2982 sal-

21 2991 56 3042 ἴω
70 3010 200 3072 amquam
220 2995 265 3054 ita
283 2993 471 3056 satisfecisset
489 2996 587 3055 animo
607 2995 699 3054 sancti
718 2996 789 3070 viri,
813 3008 846 3056 ut
864 2995 956 3059 laetus
977 3010 1009 3058 et
1025 3000 1106 3058 suna-

21 3077 60 3144 ¹j³t
73 3079 192 3130 sotorum
210 3093 337 3132 suorum
363 3091 485 3161 compos
506 3071 541 3130 ad
566 3082 692 3132 mortem
712 3083 895 3152 properaret.
932 3074 1015 3155 Ergo
1035 3072 1107 3155 Spi-

21 3152 64 3222 taur
78 3141 125 3204 llei
143 3146 198 3206 fide
219 3145 394 3209 illuminarit
413 3168 475 3208 erus
495 3145 609 3222 oculos,
628 3157 661 3206 ut
679 3146 805 3230 gloriani
825 3149 893 3210 Filii
913 3147 970 3208 Dei
990 3152 1020 3210 in
1040 3169 1106 3210 sor-

23 3209 63 3272 Νι
77 3234 297 3305 contemptoque
316 3223 419 3284 babitu
438 3235 582 3284 cerneret.
621 3221 722 3298 Quum
743 3223 828 3298 dicit,
852 3246 884 3284 ae
907 3227 940 3284 r'rs
958 3247 1036 3300 pace
1060 3223 1107 3284 di-

23 3293 228 3428 mlll‘lllssll
247 3301 409 3391 tranquillo
429 3320 460 3362 se
478 3300 595 3436 galline,
613 3300 716 3390 utqui
736 3299 865 3392 expletus
884 3299 924 3378 sit
942 3321 975 3392 auc
996 3302 1107 3438 popptns

23 3375 1107 3530 rmtlttt’,tttt'¹¹¹turtutt‘ttttstt‚ttttttt‘ttt

22 3527 94 3583 trem
110 3527 206 3592 lueret
225 3529 368 3593 Simeon?
416 3551 445 3591 es
468 3529 582 3604 ondeo,
602 3529 759 3590 notandam
780 3549 843 3592 esse
862 3529 1108 3592 circumstantiam

23 3611 70 3668 ttae
84 3603 204 3684 additur,
227 3603 385 3668 exundans
470 3627 518 3664 um
535 3619 624 3666 tuum.
663 3606 738 3666 Nam
785 3628 853 3666 uum
873 3604 955 3667 Deus
975 3607 1042 3668 Filii
1062 3607 1108 3668 sui

21 3685 166 3757 {superum
185 3683 336 3766 pollicitus
357 3695 447 3759 esset,
467 3681 573 3744 merito
593 3703 640 3742 sus
663 3702 749 3743 eosus
764 3627 925 3758 laerebat,
944 3683 1005 3744 imo
1025 3681 1109 3744 anxie

23 3743 76 3828 litu
90 3755 176 3820 risere
195 3761 350 3842 oportuit,
374 3759 470 3821 donec
490 3781 556 3820 com
580 3780 612 3818 os
633 3701 725 3819 dicim
747 3770 822 3818 esset
840 3782 853 3820 r
877 3759 903 3818 ei
922 3779 1001 3819 suae.
1040 3759 1109 3820 Hoc

22 3821 228 3898 destruendum
249 3850 293 3898 est
332 3837 400 3919 quia
421 3835 505 3896 multi
526 3780 597 3897 talio
618 3847 648 3895 et
668 3855 822 3916 perperam
868 3835 992 3896 imeonis
1012 3856 1110 3898 exem-

22 3895 75 3972 plum
90 3907 261 3989 obtendunt,
279 3881 409 3974 lilrenter
426 3933 458 3973 se
477 3913 637 3972 morituros
657 3912 807 3986 iactantes,
826 3914 849 3972 si
868 3911 922 3972 hac
941 3908 987 3972 vel
1007 3911 1056 3973 illa
1076 3930 1111 3972 re

23 3989 67 4034 aute
85 3981 131 4047 tui
153 3991 285 4064 daretur,
310 4012 399 4071 quum
419 4001 518 4049 umen
545 4001 657 4049 temere
677 4009 732 4068 pro
752 4011 802 4048 sua
823 3989 944 4048 libidine
964 3989 1021 4050 sibi
1041 3999 1110 4049 vota

24 4056 140 4138 tprripere
162 4069 347 4148 permittant,
371 4065 419 4128 rel
441 4084 507 4148 spes
526 4085 612 4128 ranas
638 4063 781 4148 labricaee
800 4066 911 4146 absque
930 4063 990 4126 Dei
1008 4064 1111 4126 verbo.

26 4123 160 4214 stpraerise
178 4143 296 4206 dixisset
316 4143 455 4218 Simeon,
474 4141 561 4201 Nunc
580 4140 682 4201 sedato
702 4142 799 4204 animo
821 4145 851 4202 et'
869 4140 970 4223 quie'to
990 4138 1111 4215 moriar,

26 4219 69 4274 tura
86 4215 133 4275 riti
157 4219 259 4280 l'itium
286 4221 360 4295 Dei,
386 4220 440 4279 liae
463 4235 538 4280 vore
563 4217 631 4277 fidei
655 4237 724 4278 suae
748 4219 927 4278 debilitatem
952 4216 1110 4309 proderet:

27 4279 57 4336 *d
74 4290 128 4366 quia
149 4295 278 4358 l'ertiurn
305 4295 447 4370 habebat,
477 4294 638 4356 secundum
663 4293 731 4358 fidei
762 4295 893 4378 regulam
916 4291 960 4354 illr
984 4301 1111 4354 mortem

30 4349 98 4436 [ΨΩ
113 4367 183 4435 licuit
200 4395 294 4458 usque
314 4375 350 4436 ad
372 4371 482 4464 Chris-ti
501 4371 667 4434 aduentum.
