2596 4840
299 1317 784 1412 ARGUMENTUM

92 1523 128 1588 rr
159 1527 561 1602 nvuucunrum
605 1536 743 1604 1nsu
786 1531 1032 1614 cunrsur

110 1707 288 1772 ncuunnm
310 1713 576 1786 mammon,
599 1717 767 1775 truncum
789 1719 841 1772 nn
864 1715 1005 1774 nucum.

440 1939 640 1948 —m-——u—

39 2109 73 2215 lt
85 2179 133 2224 tun
147 2168 277 2248 prosectu
297 2169 449 2232 historiam
470 2170 669 2256 evangelicam
690 2166 837 2258 legamus,
856 2171 955 2260 magni
974 2171 1111 2248 interest,

39 2251 165 2326 ttitnteat
187 2259 283 2343 ipsum
305 2263 463 2348 Evangelii
485 2285 596 2326 nomeu
622 2275 737 2326 tenere.
786 2265 862 2326 Nam
890 2263 960 2326 hinc
983 2275 1113 2326 statuere

38 2339 110 2422 filli,
131 2353 268 2432 quoduam
303 2355 407 2420 divinis
432 2359 493 2422 istis
518 2358 644 2421 testibus
665 2359 757 2419 luerit
775 2357 924 2420 scribendi
944 2359 1113 2438 consilium,

43 2447 166 2518 “plnum
184 2449 302 2510 relerre
322 2449 479 2512 conveniat
498 2470 693 2534 quaecunque
713 2450 749 2512 ab
770 2449 827 2512 illis
847 2449 1011 2511 traduntur.
1050 2451 1113 2514 Nc-

43 2535 136 2606 nemu
153 2539 206 2603 hoc
225 2562 342 2604 nomeu
363 2543 494 2623 ipsorum
514 2543 645 2607 historiis
665 2543 783 2606 aliunde
803 2543 984 2625 impositum,
1004 2544 1055 2606 sed
1076 2547 1113 2610 ah

39 2629 149 2694 *nothus
165 2633 204 2696 ita
223 2633 318 2697 luisse
338 2635 506 2720 inscriptas,
531 2649 649 2701 constat
669 2657 702 2698 er
721 2637 841 2716 Marco,
873 2637 925 2718 qui
944 2637 1052 2700 diserte
1072 2640 1113 2703 ita

37 2709 132 2800 livius,
156 2745 185 2788 se
204 2729 325 2790 initium
346 2731 464 2791 tradere
483 2731 636 2817 Evangelii
655 2731 723 2794 lesu
744 2731 865 2794 Christi.
914 2731 1012 2793 Porro
1033 2747 1114 2796 certa

36 2811 164 2879 thiota
186 2820 343 2906 Evangelii
375 2824 509 2887 delinitio
536 2845 571 2886 ex
595 2844 658 2886 nno
682 2823 767 2885 Pauli
790 2822 859 2884 loco
884 2821 986 2903 (Rom.
1007 2829 1043 2904 1,
1068 2829 1112 2905 2.)

34 2903 113 2966 ”fine
131 2911 292 2998 colligitur,
324 2915 376 2978 nht
400 2937 417 2979 a
437 2918 506 2980 Deo
531 2919 707 3002 promissum
729 2935 791 2977 esse
811 2915 882 2976 dicit
902 2917 931 2976 in
953 2917 1113 3000 Scriptnrio

33 3011 67 3098 if?
78 2997 221 3084 Prophetas,
242 3009 283 3069 dc
296 3007 374 3070 Filio
394 3031 460 3088 suo,
479 3013 531 3093 qui
549 3009 666 3096 genitus
687 3020 731 3070 est
750 3029 783 3068 er
802 3011 913 3069 semiue
925 3009 1031 3089 David,
1050 3035 1114 3074 ma-

34 3085 134 3155 ¹¹lsstttus
150 3111 243 3162 antem
265 3103 327 3163 Dei
338 3103 431 3164 Filius
449 3105 479 3164 in
501 3105 647 3188 potentia,
665 3101 826 3165 secuudum
844 3101 987 3182 Spiritum
1006 3107 1115 3167 sancti-

34 3175 127 3284 hum
144 3209 175 3252 ex
191 3197 414 3258 resurrectione
438 3209 634 3261 mortuorum.
679 3197 782 3260 Primo
806 3193 953 3270 ostendit,
977 3197 1114 3259 testimo-

38 3289 81 3335 Μ
100 3300 151 3344 tue
177 3287 213 3347 dc
239 3287 368 3352 exhihita
392 3289 503 3366 salute,
536 3312 612 3372 qnae
629 3289 766 3351 Patribus
787 3285 858 3348 olim
879 3307 934 3368 per
953 3285 1113 3352 continuos

34 3377 115 3468 ΨΜ
130 3399 274 3444 successus
293 3383 439 3462 promissa
459 3381 562 3445 luerat
608 3383 680 3459 Quo
705 3379 793 3442 etiarn
814 3378 971 3441 discrimen
992 3393 1114 3445 notatur

34 3471 301 3551 annuntiatores,
334 3495 410 3558 qnae
435 3496 517 3560 spem
542 3476 673 3538 fidelium
699 3473 843 3536 tenebant
867 3493 1051 3555 suspensam,
1083 3489 1114 3540 et

33 3548 78 3616 har
92 3557 184 3626 luctum
203 3567 352 3644 nuntium,
373 3589 434 3652 quo
454 3589 486 3632 se
505 3570 587 3632 Deus
607 3567 786 3652 praestitisse
805 3577 929 3634 testatur
943 3569 1024 3649 quod
1044 3581 1113 3634 ante

32 3653 102 3722 ¹l²¹²ti
116 3657 251 3722 voluerat.
298 3661 556 3738 Quemadmodum
577 3673 608 3722 et
627 3661 715 3744 paulo
735 3670 804 3741 post
824 3657 962 3722 iustitiam
983 3661 1041 3726 Dei
1059 3686 1113 3747 pa-

31 3733 107 3807 bthie
116 3751 287 3816 nanituuri
299 3755 397 3832 tradit,
417 3775 492 3838 quae
503 3757 704 3818 testimoninm
725 3752 853 3815 habehat
865 3772 881 3813 a
891 3753 973 3836 Lege
994 3767 1025 3816 et
1036 3755 1113 3819 Pro-

30 3829 97 3906 Μ
137 3845 206 3906 ideo
226 3845 298 3909 alihi
323 3849 359 3910 ab
385 3851 491 3913 eodem
511 3849 660 3933 Apostolo
686 3848 742 3927 (ll.
763 3845 836 3910 Cor.
856 3853 890 3923 ll,
908 3849 971 3926 20.)
991 3863 1114 3915 vocatur

30 3919 128 4010 hillo,
150 3959 205 4019 qua
224 3939 428 4007 reconciliatio
449 3945 554 4006 mundi
572 3965 638 4004 cum
659 3942 744 4017 Deo,
774 3939 865 4003 semel
884 3953 981 4003 morte
1002 3943 1112 4008 Christi

31 4037 123 4102 llum,
149 4035 280 4112 quotidie
309 4035 346 4098 ad
377 4037 512 4101 homines
545 4039 685 4099 delcrtnr.
724 4035 843 4098 Deinde
862 4033 1021 4118 significat,
1050 4058 1113 4100 uon

31 4113 88 4218 ”llll
97 4121 233 4189 Christum
253 4129 358 4214 pignus
380 4152 442 4193 esse
462 4131 611 4194 honorum
633 4133 776 4206 omnium,
798 4149 873 4210 quae
893 4150 1020 4210 unquam
1042 4149 1114 4208 pro-

33 4209 178 4294 multllm,
207 4223 257 4283 sed
284 4222 400 4304 plenam
429 4239 459 4288 et
483 4226 606 4288 solidam
634 4225 843 4288 exhibitionem
871 4222 902 4283 iu
929 4243 965 4284 eu
992 4231 1113 4294 exstare,

33 4307 229 4378 tttnalnoduir
247 4317 317 4380 alibi
337 4320 442 4398 trudit,
476 4343 578 4384 omncs
599 4321 655 4383 Dei
681 4317 890 4402 promissiones
917 4313 1031 4395 inipso
1051 4329 1114 4373 esse
