2574 4850
235 255 313 334 (toa
349 255 430 318 tm
450 263 574 318 nones
592 275 669 318 errare
688 253 873 338 praedicens.)
1061 255 1116 319 lli

21 406 83 474 nna
101 401 229 476 sodon
246 406 343 475 muita
364 409 440 497 pati,
461 417 493 474 et
514 406 682 502 reprobari
701 431 719 475 a
741 407 944 488 Senioribus,
969 409 1117 474 susannis·

22 533 70 598 que
88 507 302 576 Sacerdotibus
326 531 365 577 ao
388 507 528 606 Scribis,
552 519 583 578 et
607 511 725 590 occidi,
746 521 868 602 etpost
890 523 954 580 tres
976 509 1045 576 dias
1067 532 1116 576 re·

20 635 133 699 surgere.
170 611 221 678 32.
243 613 284 680 Et
304 623 413 701 aperte
434 633 611 682 sermonen
635 612 838 702 loquebatur,
861 625 892 680 et
907 611 1116 702 apprehendit

19 714 87 780 iilum
111 716 228 793 Petrus,
250 717 419 804 coepitque
441 718 610 806 inerepare
633 735 717 782 euru.
760 715 812 783 db.
840 719 882 782 At
905 715 960 782 itte
983 733 1117 782 waver-
1147 803 1150 810 ι

19 837 71 896 sur,
100 827 126 884 et
151 819 279 884 intuitus
307 815 484 906 discipulos
512 839 603 900 suos,
636 819 813 906 increparit
840 817 967 886 Petrum
997 818 1116 900 diceus,

19 919 66 984 tbi
82 930 148 1006 post
166 943 223 1000 roe,
245 921 373 1000 Satana,
394 922 470 1008 quis
491 941 558 988 nou
580 923 676 1008 sapis,
697 919 1116 1009 quaeDoisuntsedquae

19 1033 73 1085 sont
96 1021 258 1089 boninum.
306 1023 360 1088 st.
397 1023 439 1088 Et
467 1045 564 1110 quum
589 1023 631 1089 ad
659 1043 695 1090 se
723 1033 871 1090 roeauet
895 1023 1022 1089 turbam
1051 1045 1117 1091 noa

20 1145 72 1188 suu
89 1121 242 1212 discipulis
264 1127 340 1206 anis,
363 1123 441 1192 dixit
463 1125 539 1200 iliis,
563 1123 757 1214 Quicunque
778 1125 846 1192 rnlt
867 1146 918 1192 roe
935 1123 1037 1214 sequi,
1058 1123 1117 1194 ab·

18 1237 87 1311 neget
107 1230 317 1316 suscriptum,
359 1235 392 1294 et
420 1227 511 1294 tollat
539 1249 665 1294 eruosrn
691 1249 797 1307 suurn,
828 1239 859 1294 et
880 1239 1033 1316 sequatur
1054 1249 1116 1296 ore.
1147 1315 1155 1324 ἱ

18 1325 55 1392 di.
83 1329 156 1394 Naor
187 1329 335 1418 quiaquia
366 1328 508 1396 voluerit
539 1331 674 1396 animaru
709 1351 797 1397 auaro
825 1351 969 1410 serram,
1002 1331 1117 1420 perdet

18 1450 80 1493 ean:
105 1429 245 1520 quiaquia
269 1441 373 1497 autern
396 1431 573 1519 perdiderit
595 1433 732 1498 anirnanr
754 1454 843 1500 suern
866 1455 936 1500 rues
958 1442 989 1497 et
1009 1431 1117 1500 Evan-

17 1531 71 1616 gelii
89 1555 191 1612 mosa,
218 1533 273 1600 bie
293 1533 433 1600 servabit
455 1556 533 1600 esur.
575 1531 630 1598 36.
659 1533 749 1620 Quid
772 1537 857 1600 enirn
879 1535 1038 1624 profuerit
1059 1535 1118 1602 bo·

17 1635 83 1710 uini,
109 1639 136 1699 si
162 1635 304 1702 lucratus
333 1636 428 1703 inerit
455 1645 556 1703 totum
577 1634 745 1717 ruondurn,
771 1646 803 1703 et
825 1639 948 1703 animae
971 1655 1049 1702 suae
1071 1639 1118 1703 in·

18 1745 109 1802 nunu
133 1735 259 1804 iecerit?
308 1737 362 1804 37.
397 1739 460 1804 Ant
483 1737 561 1826 quid
584 1737 715 1806 daturus
739 1749 786 1804 est
809 1737 906 1806 borno
928 1759 1117 1828 compensa·

18 1839 89 1904 tionis
112 1861 169 1928 pro
190 1843 296 1908 snirua
319 1843 395 1907 snei
436 1839 492 1906 ³8.
517 1841 753 1928 Quemcunque
774 1841 858 1908 eninr
881 1839 1033 1929 puduerit
1053 1844 1118 1910 ruet

17 1957 187 2007 aeneorum
210 1953 395 2010 sermonum
418 1943 452 2008 io
477 1945 682 2030 generatione
702 1942 762 2008 bae
785 1943 932 2010 adultera
955 1953 985 2012 et
1005 1965 1119 2033 pecca·

17 2041 83 2122 trice,
101 2043 230 2132 pudebit
252 2043 341 2112 iilius
364 2055 396 2110 et
416 2043 534 2112 Filium
556 2045 708 2123 bominis,
736 2043 791 2112 nbi
815 2049 936 2112 venerit
958 2049 991 2112 in
1013 2041 1118 2134 gioria

17 2139 93 2210 Patris
116 2149 164 2214 sui
189 2169 264 2214 carn
293 2145 427 2234 Angelis
456 2148 582 2214 sanetis.
669 2149 721 2212 tx.
765 2149 794 2212 1.
829 2146 871 2212 Et
893 2145 1020 2212 dicebat
1042 2145 1116 2226 iliis,

17 2245 92 2314 Arnen
112 2247 182 2316 dieo
202 2249 315 2329 robis,
339 2259 413 2316 sunt
435 2246 562 2336 quidone
586 2250 669 2315 inter
692 2269 767 2324 eos,
789 2249 845 2336 qui
866 2247 920 2314 bie.
943 2258 1038 2328 stant,
1062 2248 1118 2338 qui

17 2365 64 2414 tou
85 2349 250 2438 gustabunt
277 2359 427 2432 mortem,
462 2351 566 2420 donee
593 2351 733 2420 viderint
754 2372 886 2439 regnum
907 2349 971 2418 Dei
992 2354 1119 2420 venisse

17 2467 68 2516 ton
86 2457 205 2522 virtuto.

77 2647 171 2722 bUC.
192 2647 248 2718 IX.
303 2647 356 2718 21.
389 2648 432 2716 At
458 2649 513 2718 ille
539 2647 748 2718 comminatus
777 2645 843 2714 illis
869 2651 1044 2738 praecepit,
1075 2671 1118 2718 ne

17 2749 53 2812 soi
69 2749 200 2820 diaeresat
220 2753 295 2832 boc,
333 2752 385 2818 22.
407 2754 539 2832 Dicens,
561 2752 701 2840 Oportet
722 2752 837 2818 Fiiinrn
861 2752 998 2820 bominis
1020 2752 1119 2820 nnita

16 2853 68 2930 pati,
85 2865 113 2920 et
130 2855 302 2944 reprobari
325 2877 342 2920 a
365 2854 566 2934 Senioribus,
589 2863 620 2921 et
641 2853 843 2944 principibus
861 2855 1070 2924 secerdotum
1088 2865 1121 2924 ot

15 2948 117 3034 Scribis,
135 2967 168 3024 et
189 2956 308 3034 occidi,
331 2967 362 3024 et
383 2961 477 3026 tersis
497 2959 549 3026 die
570 2979 747 3044 resurgere
790 2957 843 3024 23.
863 2958 1119 3026 Dioebatautsrn

14 3051 166 3138 tdonsree,
187 3062 224 3128 st
249 3061 412 3147 quieverit
433 3071 507 3148 poet
529 3081 580 3126 ose
600 3063 725 3138 venire,
748 3057 884 3145 abneget
904 3064 1120 3148 semetipsum,

14 3163 36 3216 rt
55 3159 134 3228 toiist
159 3183 289 3229 moero
319 3183 408 3230 snam
438 3161 597 3250 qnotidie,
630 3172 662 3229 et
687 3170 842 3248 sequatur
868 3181 927 3226 ore
970 3161 1023 3228 24.
1052 3163 1123 3256 Qui¹

15 3259 76 3324 euin
93 3262 226 3332 soluerit
251 3265 385 3332 soirnarn
408 3286 499 3332 suam
522 3287 666 3344 servare,
694 3261 809 3350 perdet
829 3259 929 3330 iiismr
961 3265 1018 3351 qui
1039 3287 1122 3336 vero

13 3361 160 3438 perdiderit
180 3370 320 3434 animaru
343 3387 432 3433 suasu
453 3379 586 3455 prepter
607 3385 671 3446 nse,
698 3366 750 3430 hio
777 3364 918 3431 servabit
939 3385 1018 3433 esra.
1066 3364 1119 3434 bb.

15 3459 82 3546 Quid
101 3471 180 3534 enim
201 3467 333 3558 proiicit
354 3469 461 3548 borno,
482 3471 509 3535 si
532 3477 634 3533 toturn
657 3465 810 3532 muudum
832 3463 984 3552 lucratus,
1006 3489 1042 3536 se
1064 3490 1120 3538 au·

15 3569 60 3628 ten
77 3569 218 3655 perdito,
241 3573 393 3638 iacturam
415 3573 463 3639 sui
484 3571 585 3658 ipsios
604 3568 713 3638 iecisti
755 3567 808 3636 26.
830 3569 912 3638 Nuus
939 3593 1035 3658 quone
1057 3574 1120 3640 urei

13 3681 40 3726 ae
56 3687 226 3740 sermonum
248 3695 393 3742 nreoranr
414 3673 578 3762 puduerit,
600 3671 695 3738 buius
717 3683 749 3738 et
761 3673 878 3739 Fidium
900 3673 1038 3740 bominis
1060 3695 1121 3761 pu-

13 3761 86 3849 debit,
107 3797 202 3862 qurnn
229 3777 354 3842 venerit
373 3778 409 3842 in
430 3779 592 3842 maiestate
615 3797 672 3840 sua
692 3775 848 3854 oritanis,
872 3786 1119 3865 sanctorumque

12 3867 192 3956 Angelorum.
240 3874 293 3944 27.
326 3879 412 3946 Dico
440 3890 545 3946 autern
572 3875 681 3957 vobis,
711 3899 786 3943 rere
811 3887 886 3944 sunt
913 3879 1042 3966 qnidssn
1067 3882 1120 3946 bio

12 3979 120 4132 qantos,
150 3980 208 4068 qui
234 3999 303 4047 noo
329 3981 504 4069 gustabunt
529 3990 680 4060 mortem,
708 3980 814 4047 doueo
834 3979 965 4048 rideant
985 4001 1118 4070 reguum

37 4095 69 4142 er.

41 4342 47 4356 .
70 4271 150 4334 Edita
165 4272 277 4340 some
295 4295 362 4338 roae
379 4272 487 4360 gloriae
505 4273 658 4357 speoimiae
670 4275 805 4338 admouet
813 4273 944 4338 Cbristns
956 4221 1118 4356 discip-tos,

13 4345 369 4432 nstribipotendmsir,
388 4351 1118 4434 nipstqsoquesotmhmemoeoeu-
