2596 4840
376 241 685 308 ARGUMEETUE.
1056 257 1106 306 vu
1176 305 1179 319 ,
1256 266 1257 292 1

32 389 98 449 ilco
117 387 260 469 utendum
284 385 461 466 admonent,
493 388 632 470 quioquid
656 385 689 448 iu
711 385 796 472 bega
826 397 858 450 et
880 385 1038 470 Prophetis
1060 387 1107 450 illi

30 481 138 542 uibritur.
183 479 280 556 Quare
301 492 374 543 tunc
396 482 514 543 demum
537 481 617 544 utilis
642 481 700 542 erit
723 492 755 542 ct
779 480 929 544 munera
954 483 1108 566 Evangelii

29 573 134 646 infusi
149 593 207 634 earn
225 595 290 635 eum
308 575 431 636 vetustis
448 573 694 654 promissionibus
713 573 898 658 coniungere
917 575 1069 640 diseamus.

79 665 208 741 Οωιιιη
236 666 272 727 ad
307 679 369 728 tres
399 665 595 748 Evangelicae
628 667 767 728 historiae
799 667 960 747 scriptores
990 669 1109 748 attinet,

29 777 77 836 quos
90 759 248 820 commodos
266 760 414 841 suscipio,
438 759 604 820 Matthaeus
623 759 693 821 satis
712 769 800 822 notus
820 771 879 821 est:
898 760 1032 822 blancum
1051 784 1108 844 pu-

28 863 67 908 uat
81 850 152 912 fabae
167 851 335 914 familiarem
353 851 437 912 Petri
457 852 649 934 discipulum,
672 858 761 933 atque
780 853 868 913 etiam
888 852 969 934 quod
992 854 1110 935 scripsit

29 943 170 1026 lurgrlium
192 965 207 1005 a
224 946 319 1006 Petro
345 945 435 1006 fuisse
462 945 491 1006 ei
512 945 668 1022 dictatum,
694 956 729 1005 ut
747 945 931 1008 amanuensis
949 945 1110 1010 modosrt

30 1037 103 1098 mbae
117 1057 224 1120 operam
242 1038 432 1120 praestiterit.
473 1037 543 1114 Qua
564 1038 601 1099 de
619 1057 654 1099 re
672 1057 736 1101 non
756 1050 802 1100 est
818 1039 902 1100 auxie
917 1039 1004 1101 nohis
1023 1039 1110 1102 labo-

30 1131 124 1206 urdru,
149 1132 210 1212 qnia
234 1143 339 1194 nostra
363 1131 445 1212 parri
469 1129 578 1206 refert,
609 1129 702 1192 modo
721 1142 872 1193 teneamus
892 1130 1055 1215 legitimum
1074 1155 1110 1198 ac

30 1221 122 1284 liriritm
138 1225 298 1286 ordinatum
319 1243 383 1286 esse
402 1235 525 1299 testem,
544 1224 596 1304 qui
614 1222 689 1284 nihil
707 1224 764 1286 nisi
783 1235 945 1305 praeeunte
963 1224 1110 1288 dictame-

30 1335 67 1392 qsr
80 1315 169 1395 ipin'tn
194 1329 298 1380 sancto
332 1317 507 1397 prodiderit.
558 1315 649 1398 Quod
679 1327 778 1378 umen
804 1315 877 1377 dicit
898 1316 1110 1401 Hieronymus,

31 1409 107 1469 rmore
121 1431 227 1492 prorsus
247 1422 344 1486 caret,
364 1410 517 1493 epitomen
538 1427 600 1470 esse
619 1409 774 1490 Evangelii
792 1430 809 1471 a
827 1407 980 1472 Mattiaco
998 1413 1110 1495 scripti.

32 1499 166 1584 haeque
182 1515 331 1566 serratm
351 1525 368 1564 a
387 1501 538 1564 Mattiaco
558 1501 695 1563 ordinem
715 1501 826 1582 ubique
842 1503 991 1584 sequitur,
1022 1517 1054 1568 et
1071 1505 1110 1568 ab

39 1591 157 1671 nuntia
174 1597 258 1658 initio
280 1595 430 1658 dissimilis
450 1606 495 1657 est
514 1605 656 1675 quantum
676 1595 714 1657 ad
733 1596 879 1658 tractandi
898 1595 1060 1673 rationem,
1080 1610 1112 1661 et

38 1687 126 1762 naha
138 1690 223 1751 refert
240 1690 280 1752 ab
293 1689 392 1751 altero
412 1687 467 1749 illo
487 1688 605 1763 omissa,
625 1700 655 1748 ct
674 1689 704 1750 in
721 1689 854 1750 eiusdem
872 1689 918 1750 rei
939 1691 1111 1753 narratione

35 1777 131 1842 intuitu
144 1783 282 1864 prolixior
302 1793 358 1844 est.
397 1779 472 1842 blibi
492 1792 574 1842 certe
594 1781 686 1864 magis
705 1780 862 1863 probabile
887 1793 948 1856 est,
972 1793 1004 1844 et
1022 1802 1058 1844 ex
1076 1803 1112 1846 re

34 1873 90 1930 ttian
103 1874 150 1954 ipsa
165 1877 313 1937 couiiccre
335 1875 419 1950 licet,
442 1894 595 1954 nunquam
614 1872 722 1934 librum
744 1873 886 1935 blattbaei
906 1872 995 1936 fnisse
1015 1876 1052 1938 ab
1072 1895 1112 1938 ee

33 1963 159 2045 ἱιιμαιι,
180 1989 269 2049 quum
290 1969 359 2051 ipse
378 1987 463 2028 auum
482 1967 641 2028 scriberet:
666 1977 779 2029 tantum
800 1967 898 2042 abest,
922 1978 956 2027 nt
975 1967 1007 2028 io
1027 1989 1112 2030 com-

33 2057 126 2132 pudirn
140 2080 169 2121 er
184 2061 323 2144 professo
343 2060 481 2142 redigere
493 2060 629 2122 voluerit.
667 2058 751 2120 Idem
771 2071 801 2120 et
820 2059 858 2119 de
870 2061 951 2121 Luca
969 2059 1112 2123 iudicium

34 2147 94 2210 bain:
108 2173 160 2218 uam
177 2177 250 2235 quae
270 2155 303 2216 in
325 2154 421 2216 tribus
439 2153 509 2235 ipsis
529 2163 652 2233 apparet
671 2151 838 2228 diversitas,
863 2171 926 2214 earn
946 2173 1008 2214 nou
1028 2153 1112 2215 dicc-

35 2245 135 2308 nudata
150 2267 234 2329 opera
253 2247 348 2308 fuisse
368 2245 551 2320 affectatam,
582 2245 634 2306 sed
654 2265 745 2326 quum
775 2243 898 2324 singulis
926 2246 1113 2327 propositum

38 2335 353 2402 usnbouahdemaudare
365 2339 481 2414 litteris,
492 2335 691 2418 quodcertum
702 2337 1113 2419 compertumquebabebant,

41 2429 264 2516 ffinmqnirque
283 2431 395 2508 tenuit,
415 2453 503 2512 quam
523 2429 665 2512 optimam
685 2429 751 2490 fore
771 2429 919 2492 censebat.
960 2429 1114 2504 Quemad-
1150 2458 1153 2469 ·

42 2519 111 2581 talu
124 2537 211 2587 autem
231 2527 259 2588 id
281 2547 347 2589 non
368 2525 493 2586 fortuito
513 2523 651 2606 contigit,
669 2523 721 2584 sed
741 2520 915 2584 moderante
934 2521 992 2582 Dei
1011 2522 1113 2604 prori-

41 2609 108 2690 deti,
125 2617 159 2678 ita
175 2619 307 2701 Spiritus
331 2629 448 2682 sanctus
472 2617 510 2690 iu,
525 2617 637 2680 diversa
657 2614 806 2678 scribendi
830 2616 926 2676 forma
948 2614 1114 2677 mirabilem

38 2705 71 2764 lli
83 2727 227 2774 mamm
245 2713 412 2798 suggessit,
433 2711 484 2792 qui
503 2710 583 2772 solus
605 2709 667 2769 fere
686 2708 722 2769 ad
743 2707 830 2768 fidem
850 2708 908 2770 illis
927 2709 1114 2772 astruendam

38 2799 143 2878 ΕΜ,
158 2805 180 2866 si
198 2827 260 2868 nou
281 2805 402 2866 aliunde
421 2805 517 2865 maior
535 2812 708 2883 suppeteret
726 2802 893 2862 auctoritas.
929 2802 1024 2866 Lucas
1042 2821 1115 2866 vero

38 2892 314 2960 somniantium
335 2917 400 2960 esse
410 2897 495 2959 Pauli
516 2897 656 2957 comitem
675 2893 842 2956 luculentus
863 2903 907 2955 est
925 2894 1016 2956 testis.
1054 2893 1117 2954 Sed

38 2987 110 3062 prule
124 3003 175 3068 est,
202 2992 285 3074 quod
312 2989 350 3052 ab
369 2987 501 3054 Eusebio
522 2987 666 3064 refertur,
697 2985 850 3070 Evangelii
870 2984 951 3068 qnod
976 2987 1038 3048 eiua
1057 3005 1115 3048 no·

38 3077 86 3138 litt
99 3081 259 3163 imeribitur,
277 3082 404 3147 Paulum
417 3103 480 3146 esse
490 3091 654 3156 auctorem,
673 3079 741 3160 quia
752 3077 860 3140 alicubi
873 3077 929 3157 (11.
942 3075 1020 3138 Tim.
1030 3083 1060 3152 2,
1072 3077 1118 3155 8.)

40 3167 141 3256 impetit
154 3178 194 3239 rui
212 3177 393 3240 meminerit.
433 3176 526 3252 Quasi
545 3193 617 3237 reru
638 3193 673 3233 cx
692 3192 747 3249 en,
765 3169 846 3252 quod
866 3190 934 3230 mor
952 3168 1119 3244 subiicitur,

42 3265 177 3348 utqoito
194 3282 310 3354 pateat,
342 3269 380 3330 de
410 3280 476 3332 tota
504 3265 743 3350 praedicatione,
769 3285 831 3325 non
857 3272 955 3324 autem
976 3259 1012 3320 de
1037 3259 1117 3321 libro
1179 3278 1181 3280 ·

43 3357 159 3442 ¹¹⁰qu
193 3363 275 3428 Dicit
294 3363 389 3439 enim,
407 3362 469 3423 Pro
490 3383 550 3442 quo
570 3359 674 3422 laboro
694 3375 787 3439 usque
806 3355 843 3416 ad
862 3351 987 3415 vincula.
1024 3351 1119 3433 atqui

40 3461 111 3512 teum
136 3467 192 3533 est,
220 3479 283 3520 unu
302 3457 373 3518 iden
392 3465 489 3516 actum
510 3453 599 3516 fuisse
618 3473 719 3526 reum,
752 3447 832 3530 quod
858 3446 966 3506 librum
992 3441 1118 3525 aliquem

42 3541 166 3626 ῐῐὶμὶςιεὶ,
188 3569 289 3612 rerum
315 3548 398 3631 quod
421 3545 531 3611 vocalis
557 3545 659 3608 fuisset
678 3541 832 3605 doctrinae
852 3538 964 3602 Christi
986 3537 1121 3599 minister

41 3643 163 3712 tlpraeco.
208 3643 296 3704 Unde
327 3652 466 3722 apparet,
496 3636 678 3700 laboriosum
709 3635 826 3716 quidem
858 3630 1010 3692 bominem
1030 3629 1120 3692 fuisse

42 3719 165 3810 laelium,
189 3737 239 3798 sed
257 3735 369 3797 iudicio
394 3753 497 3816 parum
521 3725 665 3806 valuisse,
693 3729 744 3809 qui
768 3739 828 3788 tam
853 3724 973 3786 insulsas
1000 3723 1119 3785 naenias

40 3815 78 3876 stt
91 3823 188 3889 drleeta
206 3829 350 3914 congerit.
390 3827 482 3908 (luins¹
502 3825 546 3886 rei
567 3823 694 3886 lectores
714 3821 782 3882 ideo
803 3817 883 3880 volui
903 3817 1049 3893 monitos,
1080 3833 1120 3878 ne

40 3918 240 3986 molestans
254 3920 363 3986 similes
382 3918 525 4000 ineptiae,
545 3937 620 3999 quac
640 3915 744 3996 passim
757 3909 835 3993 apud
854 3909 936 3970 illum
949 3919 1119 3970 occurrunt.

88 4007 165 4074 Porro
191 4018 256 4096 qnia
285 4034 379 4098 genua
402 4011 655 4092 interpretationis
684 4006 755 4068 mibi
786 4003 898 4086 delegi,
930 4000 1011 4081 quod
1039 3999 1120 4062 forte

42 4095 96 4156 *lli
109 4105 189 4182 numo
208 4120 327 4192 aspectu
347 4127 409 4167 nou
428 4102 616 4186 probabunt,
637 4101 698 4162 eius
718 4096 868 4162 reddenda
888 4105 933 4156 est
951 4093 1042 4166 ratio,
1062 4109 1119 4170 qua

43 4183 213 4280 fiarent.
232 4199 393 4264 lectoribus
412 4195 543 4260 satisfiat.
583 4194 650 4255 Hoc
670 4191 765 4274 primo
787 4200 866 4250 extra
886 4182 1119 4249 controversiam

44 4287 77 4351 θη
89 4303 135 4350 sor
150 4311 230 4372 posse
247 4315 340 4362 mrum
359 4311 394 4356 er
411 4289 507 4354 trihus
517 4285 710 4372 Evangelistis
729 4285 802 4350 scite
822 4281 982 4362 dextraque
1002 4271 1120 4355 erponi,
