<?xml version="1.0" encoding="UTF-8"?>
<!DOCTYPE html PUBLIC "-//W3C//DTD XHTML 1.0 Transitional//EN"
    "http://www.w3.org/TR/xhtml1/DTD/xhtml1-transitional.dtd">
<html xmlns="http://www.w3.org/1999/xhtml" xml:lang="en" lang="en">
 <head>
  <title>
</title>
<meta http-equiv="Content-Type" content="text/html;charset=utf-8" />
  <meta name='ocr-system' content='tesseract 3.04.00' />
  <meta name='ocr-capabilities' content='ocr_page ocr_carea ocr_par ocr_line ocrx_word'/>
</head>
<body>
  <div class='ocr_page' id='page_1' title='image "./ioanniscalvinii01calvgoog_0059.png"; bbox 0 0 2596 4840; ppageno 0'>
   <div class='ocr_carea' id='block_1_1' title="bbox 150 207 840 282">
    <p class='ocr_par' dir='ltr' id='par_1_1' title="bbox 150 207 840 282">
     <span class='ocr_line' id='line_1_1' title="bbox 150 207 840 282; baseline 0.01 -17"><span class='ocrx_word' id='word_1_1' title='bbox 150 221 191 282; x_wconf 69' lang='lat' dir='ltr'>qq</span> <span class='ocrx_word' id='word_1_2' title='bbox 591 209 646 272; x_wconf 89' lang='lat'>10.</span> <span class='ocrx_word' id='word_1_3' title='bbox 669 207 840 274; x_wconf 72' lang='lat' dir='ltr'>cumen</span> 
     </span>
    </p>
   </div>
   <div class='ocr_carea' id='block_1_2' title="bbox 156 349 1284 2665">
    <p class='ocr_par' dir='ltr' id='par_1_2' title="bbox 156 349 1284 2665">
     <span class='ocr_line' id='line_1_2' title="bbox 156 349 1280 447; baseline -0.006 -27"><span class='ocrx_word' id='word_1_4' title='bbox 156 375 286 442; x_wconf 76' lang='lat' dir='ltr'>„pessus</span> <span class='ocrx_word' id='word_1_5' title='bbox 325 356 386 420; x_wconf 81' lang='lat' dir='ltr'>Sed</span> <span class='ocrx_word' id='word_1_6' title='bbox 405 349 551 418; x_wconf 76' lang='lat' dir='ltr'>Dominus</span> <span class='ocrx_word' id='word_1_7' title='bbox 574 353 626 415; x_wconf 83' lang='lat' dir='ltr'>ille</span> <span class='ocrx_word' id='word_1_8' title='bbox 644 355 727 418; x_wconf 83' lang='lat' dir='ltr'>Deus</span> <span class='ocrx_word' id='word_1_9' title='bbox 746 367 849 418; x_wconf 73' lang='lat' dir='ltr'>auter</span> <span class='ocrx_word' id='word_1_10' title='bbox 865 375 929 432; x_wconf 85' lang='lat' dir='ltr'>ure,</span> <span class='ocrx_word' id='word_1_11' title='bbox 947 373 1012 430; x_wconf 89' lang='lat' dir='ltr'>me,</span> <span class='ocrx_word' id='word_1_12' title='bbox 1030 354 1165 447; x_wconf 82' lang='lat' dir='ltr'>isquam,</span> <span class='ocrx_word' id='word_1_13' title='bbox 1183 365 1280 420; x_wconf 83' lang='lat' dir='ltr'>natnn</span> 
     </span>
     <span class='ocr_line' id='line_1_3' title="bbox 156 431 1280 515; baseline -0.004 -19"><span class='ocrx_word' id='word_1_14' title='bbox 156 438 257 514; x_wconf 82' lang='lat' dir='ltr'>„(dico</span> <span class='ocrx_word' id='word_1_15' title='bbox 278 435 358 515; x_wconf 93' lang='lat' dir='ltr'>qnod</span> <span class='ocrx_word' id='word_1_16' title='bbox 378 455 424 494; x_wconf 86' lang='lat' dir='ltr'>res</span> <span class='ocrx_word' id='word_1_17' title='bbox 444 435 503 511; x_wconf 90' lang='lat' dir='ltr'>est)</span> <span class='ocrx_word' id='word_1_18' title='bbox 526 431 645 492; x_wconf 86' lang='lat' dir='ltr'>minime</span> <span class='ocrx_word' id='word_1_19' title='bbox 671 431 828 492; x_wconf 73' lang='lat' dir='ltr'>audentem</span> <span class='ocrx_word' id='word_1_20' title='bbox 852 433 892 492; x_wconf 86' lang='lat' dir='ltr'>ita</span> <span class='ocrx_word' id='word_1_21' title='bbox 915 431 1114 504; x_wconf 82' lang='lat' dir='ltr'>confirmarat,</span> <span class='ocrx_word' id='word_1_22' title='bbox 1143 443 1177 491; x_wconf 90' lang='lat' dir='ltr'>ut</span> <span class='ocrx_word' id='word_1_23' title='bbox 1201 431 1280 492; x_wconf 89' lang='lat' dir='ltr'>nulli</span> 
     </span>
     <span class='ocr_line' id='line_1_4' title="bbox 157 507 1280 589; baseline -0.004 -16"><span class='ocrx_word' id='word_1_24' title='bbox 157 513 296 589; x_wconf 86' lang='lat' dir='ltr'>„illorum</span> <span class='ocrx_word' id='word_1_25' title='bbox 314 511 467 571; x_wconf 87' lang='lat' dir='ltr'>conatibus</span> <span class='ocrx_word' id='word_1_26' title='bbox 486 509 632 570; x_wconf 77' lang='lat' dir='ltr'>cesserim.</span> <span class='ocrx_word' id='word_1_27' title='bbox 668 508 835 588; x_wconf 82' lang='lat' dir='ltr'>Argentiua</span> <span class='ocrx_word' id='word_1_28' title='bbox 856 521 958 588; x_wconf 85' lang='lat' dir='ltr'>postea</span> <span class='ocrx_word' id='word_1_29' title='bbox 977 507 1034 570; x_wconf 86' lang='lat' dir='ltr'>lrue</span> <span class='ocrx_word' id='word_1_30' title='bbox 1052 509 1137 582; x_wconf 90' lang='lat' dir='ltr'>redii,</span> <span class='ocrx_word' id='word_1_31' title='bbox 1155 510 1280 568; x_wconf 64' lang='lat' dir='ltr'>vocatio.</span> 
     </span>
     <span class='ocr_line' id='line_1_5' title="bbox 157 584 1280 665; baseline -0.003 -17"><span class='ocrx_word' id='word_1_32' title='bbox 157 609 245 665; x_wconf 89' lang='lat' dir='ltr'>„nem</span> <span class='ocrx_word' id='word_1_33' title='bbox 268 589 343 648; x_wconf 82' lang='lat' dir='ltr'>banc</span> <span class='ocrx_word' id='word_1_34' title='bbox 361 587 452 647; x_wconf 85' lang='lat' dir='ltr'>invito</span> <span class='ocrx_word' id='word_1_35' title='bbox 473 587 571 646; x_wconf 82' lang='lat' dir='ltr'>auimo</span> <span class='ocrx_word' id='word_1_36' title='bbox 591 596 746 664; x_wconf 85' lang='lat' dir='ltr'>sequutus,</span> <span class='ocrx_word' id='word_1_37' title='bbox 787 585 846 646; x_wconf 90' lang='lat' dir='ltr'>uod</span> <span class='ocrx_word' id='word_1_38' title='bbox 865 585 1047 646; x_wconf 79' lang='lat' dir='ltr'>infructuosa</span> <span class='ocrx_word' id='word_1_39' title='bbox 1066 585 1139 644; x_wconf 88' lang='lat' dir='ltr'>milai</span> <span class='ocrx_word' id='word_1_40' title='bbox 1159 584 1226 645; x_wconf 87' lang='lat' dir='ltr'>lore</span> <span class='ocrx_word' id='word_1_41' title='bbox 1247 585 1280 646; x_wconf 83' lang='lat' dir='ltr'>vi</span> 
     </span>
     <span class='ocr_line' id='line_1_6' title="bbox 157 607 1280 745; baseline -0.004 -21"><span class='ocrx_word' id='word_1_42' title='bbox 157 665 306 742; x_wconf 81' lang='lat' dir='ltr'>„decetun</span> <span class='ocrx_word' id='word_1_43' title='bbox 364 661 543 745; x_wconf 87' lang='lat' dir='ltr'>Ignorabam</span> <span class='ocrx_word' id='word_1_44' title='bbox 576 661 671 734; x_wconf 87' lang='lat' dir='ltr'>enim,</span> <span class='ocrx_word' id='word_1_45' title='bbox 709 607 783 740; x_wconf 79' lang='lat' dir='ltr'>quid</span> <span class='ocrx_word' id='word_1_46' title='bbox 810 661 956 722; x_wconf 67' lang='lat' dir='ltr'>statuisset</span> <span class='ocrx_word' id='word_1_47' title='bbox 985 661 1147 732; x_wconf 86' lang='lat' dir='ltr'>Dominus,</span> <span class='ocrx_word' id='word_1_48' title='bbox 1181 673 1213 720; x_wconf 89' lang='lat' dir='ltr'>et</span> <span class='ocrx_word' id='word_1_49' title='bbox 1244 679 1280 720; x_wconf 84' lang='lat' dir='ltr'>ra</span> 
     </span>
     <span class='ocr_line' id='line_1_7' title="bbox 157 736 1281 874; baseline -0.005 -74"><span class='ocrx_word' id='word_1_50' title='bbox 157 753 243 817; x_wconf 84' lang='lat' dir='ltr'>„erat</span> <span class='ocrx_word' id='word_1_51' title='bbox 268 739 455 834; x_wconf 86' lang='lat' dir='ltr'>plurimarum</span> <span class='ocrx_word' id='word_1_52' title='bbox 487 740 732 874; x_wconf 75' lang='lat' dir='ltr'>maximarumque</span> <span class='ocrx_word' id='word_1_53' title='bbox 758 737 962 830; x_wconf 70' lang='lat' dir='ltr'>difficultatum</span> <span class='ocrx_word' id='word_1_54' title='bbox 987 737 1083 830; x_wconf 86' lang='lat' dir='ltr'>plena.</span> <span class='ocrx_word' id='word_1_55' title='bbox 1134 736 1196 798; x_wconf 79' lang='lat' dir='ltr'>set</span> <span class='ocrx_word' id='word_1_56' title='bbox 1220 757 1281 816; x_wconf 84' lang='lat' dir='ltr'>pen</span> 
     </span>
     <span class='ocr_line' id='line_1_8' title="bbox 157 811 1281 980; baseline -0.004 -26"><span class='ocrx_word' id='word_1_57' title='bbox 157 816 390 972; x_wconf 68' lang='lat' dir='ltr'>:tittt&#39;tlt‘</span> <span class='ocrx_word' id='word_1_58' title='bbox 414 811 1281 980; x_wconf 61' lang='lat' dir='ltr'>lttt..:‘t}t.t².”..‘t.:‘.:tt².tltttt&#39;tfltttttt</span> 
     </span>
     <span class='ocr_line' id='line_1_9' title="bbox 158 965 1281 1059; baseline -0.002 -27"><span class='ocrx_word' id='word_1_59' title='bbox 158 970 315 1046; x_wconf 86' lang='lat' dir='ltr'>„ordinem</span> <span class='ocrx_word' id='word_1_60' title='bbox 339 969 484 1044; x_wconf 85' lang='lat' dir='ltr'>retinete,</span> <span class='ocrx_word' id='word_1_61' title='bbox 516 968 583 1028; x_wconf 86' lang='lat' dir='ltr'>date</span> <span class='ocrx_word' id='word_1_62' title='bbox 602 967 688 1027; x_wconf 85' lang='lat' dir='ltr'>simul</span> <span class='ocrx_word' id='word_1_63' title='bbox 709 987 843 1058; x_wconf 77' lang='lat' dir='ltr'>operatu,</span> <span class='ocrx_word' id='word_1_64' title='bbox 873 979 907 1026; x_wconf 88' lang='lat' dir='ltr'>nt</span> <span class='ocrx_word' id='word_1_65' title='bbox 937 965 1064 1059; x_wconf 89' lang='lat' dir='ltr'>populus</span> <span class='ocrx_word' id='word_1_66' title='bbox 1087 967 1117 1027; x_wconf 92' lang='lat' dir='ltr'>iu</span> <span class='ocrx_word' id='word_1_67' title='bbox 1144 965 1281 1045; x_wconf 78' lang='lat' dir='ltr'>obsequtt</span> 
     </span>
     <span class='ocr_line' id='line_1_10' title="bbox 158 1042 1281 1126; baseline -0.004 -20"><span class='ocrx_word' id='word_1_68' title='bbox 158 1047 333 1122; x_wconf 87' lang='lat' dir='ltr'>„doctrinae</span> <span class='ocrx_word' id='word_1_69' title='bbox 352 1046 548 1108; x_wconf 83' lang='lat' dir='ltr'>contineatur.</span> <span class='ocrx_word' id='word_1_70' title='bbox 588 1043 667 1104; x_wconf 89' lang='lat' dir='ltr'>Sunt</span> <span class='ocrx_word' id='word_1_71' title='bbox 684 1062 763 1102; x_wconf 82' lang='lat' dir='ltr'>enam</span> <span class='ocrx_word' id='word_1_72' title='bbox 783 1043 919 1104; x_wconf 80' lang='lat' dir='ltr'>nonnulli</span> <span class='ocrx_word' id='word_1_73' title='bbox 937 1042 1067 1126; x_wconf 78' lang='lat' dir='ltr'>improbi</span> <span class='ocrx_word' id='word_1_74' title='bbox 1088 1055 1118 1103; x_wconf 91' lang='lat' dir='ltr'>et</span> <span class='ocrx_word' id='word_1_75' title='bbox 1137 1053 1281 1108; x_wconf 75' lang='lat' dir='ltr'>contunsa</span> 
     </span>
     <span class='ocr_line' id='line_1_11' title="bbox 160 1116 1281 1202; baseline -0.004 -20"><span class='ocrx_word' id='word_1_76' title='bbox 160 1141 238 1200; x_wconf 85' lang='lat' dir='ltr'>„ces</span> <span class='ocrx_word' id='word_1_77' title='bbox 276 1122 346 1197; x_wconf 83' lang='lat' dir='ltr'>Res,</span> <span class='ocrx_word' id='word_1_78' title='bbox 365 1133 400 1184; x_wconf 89' lang='lat' dir='ltr'>ut</span> <span class='ocrx_word' id='word_1_79' title='bbox 411 1122 525 1195; x_wconf 87' lang='lat' dir='ltr'>videtis,</span> <span class='ocrx_word' id='word_1_80' title='bbox 547 1141 609 1182; x_wconf 85' lang='lat' dir='ltr'>nou</span> <span class='ocrx_word' id='word_1_81' title='bbox 628 1116 703 1180; x_wconf 84' lang='lat' dir='ltr'>male</span> <span class='ocrx_word' id='word_1_82' title='bbox 721 1131 790 1181; x_wconf 87' lang='lat' dir='ltr'>sunt</span> <span class='ocrx_word' id='word_1_83' title='bbox 801 1121 993 1182; x_wconf 70' lang='lat' dir='ltr'>constitutae:</span> <span class='ocrx_word' id='word_1_84' title='bbox 1015 1140 1075 1200; x_wconf 89' lang='lat' dir='ltr'>qun</span> <span class='ocrx_word' id='word_1_85' title='bbox 1088 1121 1179 1202; x_wconf 87' lang='lat' dir='ltr'>magis</span> <span class='ocrx_word' id='word_1_86' title='bbox 1193 1139 1281 1180; x_wconf 89' lang='lat' dir='ltr'>cocau</span> 
     </span>
     <span class='ocr_line' id='line_1_12' title="bbox 157 1194 1281 1290; baseline -0.001 -33"><span class='ocrx_word' id='word_1_87' title='bbox 157 1200 247 1274; x_wconf 84' lang='lat' dir='ltr'>„Deo</span> <span class='ocrx_word' id='word_1_88' title='bbox 267 1210 409 1259; x_wconf 87' lang='lat' dir='ltr'>nocentes</span> <span class='ocrx_word' id='word_1_89' title='bbox 420 1197 511 1273; x_wconf 88' lang='lat' dir='ltr'>critis,</span> <span class='ocrx_word' id='word_1_90' title='bbox 532 1197 556 1258; x_wconf 91' lang='lat' dir='ltr'>si</span> <span class='ocrx_word' id='word_1_91' title='bbox 574 1209 669 1257; x_wconf 84' lang='lat' dir='ltr'>vestra</span> <span class='ocrx_word' id='word_1_92' title='bbox 682 1197 798 1290; x_wconf 81' lang='lat' dir='ltr'>ignaria</span> <span class='ocrx_word' id='word_1_93' title='bbox 819 1194 1042 1258; x_wconf 75' lang='lat' dir='ltr'>labefactentur.</span> <span class='ocrx_word' id='word_1_94' title='bbox 1080 1196 1191 1256; x_wconf 85' lang='lat' dir='ltr'>Testor</span> <span class='ocrx_word' id='word_1_95' title='bbox 1210 1215 1281 1256; x_wconf 85' lang='lat' dir='ltr'>vero</span> 
     </span>
     <span class='ocr_line' id='line_1_13' title="bbox 158 1272 1282 1366; baseline 0.001 -32"><span class='ocrx_word' id='word_1_96' title='bbox 158 1275 414 1366; x_wconf 30' lang='lat' dir='ltr'>„metrobiscnrm</span> <span class='ocrx_word' id='word_1_97' title='bbox 442 1275 561 1346; x_wconf 81' lang='lat' dir='ltr'>iratres,</span> <span class='ocrx_word' id='word_1_98' title='bbox 576 1293 654 1365; x_wconf 41' lang='lat' dir='ltr'>&#39;vesp</span> <span class='ocrx_word' id='word_1_99' title='bbox 679 1291 852 1352; x_wconf 81' lang='lat' dir='ltr'>sinceraque</span> <span class='ocrx_word' id='word_1_100' title='bbox 877 1273 996 1366; x_wconf 64' lang='lat' dir='ltr'>canitae</span> <span class='ocrx_word' id='word_1_101' title='bbox 1020 1272 1282 1363; x_wconf 73' lang='lat' dir='ltr'>coniunctissimun</span> 
     </span>
     <span class='ocr_line' id='line_1_14' title="bbox 159 1348 1282 1518; baseline -0.004 -31"><span class='ocrx_word' id='word_1_102' title='bbox 159 1369 297 1504; x_wconf 58' lang='lat' dir='ltr'>xliiii</span> <span class='ocrx_word' id='word_1_103' title='bbox 311 1348 599 1488; x_wconf 67' lang='lat' dir='ltr'>..tttlttttlt</span> <span class='ocrx_word' id='word_1_104' title='bbox 618 1348 1282 1518; x_wconf 46' lang='grc' dir='ltr'>ῗὲῗέῑῖἷᾟῃὲἑοῗῗοῖῗῗᾶοῗέι’ἓὸῗὲ</span> 
     </span>
     <span class='ocr_line' id='line_1_15' title="bbox 158 1500 1282 1597; baseline 0 -33"><span class='ocrx_word' id='word_1_105' title='bbox 158 1515 225 1582; x_wconf 90' lang='lat' dir='ltr'>„tes</span> <span class='ocrx_word' id='word_1_106' title='bbox 244 1504 329 1565; x_wconf 78' lang='lat' dir='ltr'>vobis</span> <span class='ocrx_word' id='word_1_107' title='bbox 349 1505 454 1597; x_wconf 86' lang='lat' dir='ltr'>gratius</span> <span class='ocrx_word' id='word_1_108' title='bbox 474 1523 547 1585; x_wconf 88' lang='lat' dir='ltr'>ago,</span> <span class='ocrx_word' id='word_1_109' title='bbox 573 1501 652 1582; x_wconf 84' lang='lat' dir='ltr'>qnod</span> <span class='ocrx_word' id='word_1_110' title='bbox 673 1513 847 1583; x_wconf 83' lang='lat' dir='ltr'>aegrotante</span> <span class='ocrx_word' id='word_1_111' title='bbox 867 1523 914 1562; x_wconf 86' lang='lat' dir='ltr'>rue</span> <span class='ocrx_word' id='word_1_112' title='bbox 934 1522 1010 1563; x_wconf 89' lang='lat' dir='ltr'>onus</span> <span class='ocrx_word' id='word_1_113' title='bbox 1030 1503 1099 1562; x_wconf 83' lang='lat' dir='ltr'>mihi</span> <span class='ocrx_word' id='word_1_114' title='bbox 1120 1500 1282 1582; x_wconf 78' lang='lat' dir='ltr'>impositura</span> 
     </span>
     <span class='ocr_line' id='line_1_16' title="bbox 159 1577 1282 1661; baseline -0.003 -20"><span class='ocrx_word' id='word_1_115' title='bbox 159 1581 403 1656; x_wconf 70' lang='lat' dir='ltr'>„sustinueritis”</span> <span class='ocrx_word' id='word_1_116' title='bbox 440 1581 522 1642; x_wconf 85' lang='lat' dir='ltr'>llaec</span> <span class='ocrx_word' id='word_1_117' title='bbox 533 1579 672 1658; x_wconf 89' lang='lat' dir='ltr'>loquutus</span> <span class='ocrx_word' id='word_1_118' title='bbox 683 1577 811 1638; x_wconf 79' lang='lat' dir='ltr'>dextram</span> <span class='ocrx_word' id='word_1_119' title='bbox 821 1579 943 1661; x_wconf 87' lang='lat' dir='ltr'>singulis</span> <span class='ocrx_word' id='word_1_120' title='bbox 961 1580 1099 1659; x_wconf 79' lang='lat' dir='ltr'>porrexit.</span> <span class='ocrx_word' id='word_1_121' title='bbox 1125 1579 1189 1638; x_wconf 89' lang='lat' dir='ltr'>Nos</span> <span class='ocrx_word' id='word_1_122' title='bbox 1208 1599 1282 1640; x_wconf 67' lang='lat' dir='ltr'>moe«</span> 
     </span>
     <span class='ocr_line' id='line_1_17' title="bbox 159 1652 1282 1732; baseline 0 -16"><span class='ocrx_word' id='word_1_123' title='bbox 159 1659 288 1718; x_wconf 88' lang='lat' dir='ltr'>stissimis</span> <span class='ocrx_word' id='word_1_124' title='bbox 311 1657 434 1732; x_wconf 86' lang='lat' dir='ltr'>animis,</span> <span class='ocrx_word' id='word_1_125' title='bbox 465 1676 499 1716; x_wconf 92' lang='lat' dir='ltr'>ac</span> <span class='ocrx_word' id='word_1_126' title='bbox 525 1656 645 1714; x_wconf 88' lang='lat' dir='ltr'>minime</span> <span class='ocrx_word' id='word_1_127' title='bbox 670 1652 753 1714; x_wconf 87' lang='lat' dir='ltr'>siccis</span> <span class='ocrx_word' id='word_1_128' title='bbox 776 1655 871 1716; x_wconf 85' lang='lat' dir='ltr'>oculis</span> <span class='ocrx_word' id='word_1_129' title='bbox 896 1656 934 1716; x_wconf 84' lang='lat' dir='ltr'>ab</span> <span class='ocrx_word' id='word_1_130' title='bbox 960 1675 997 1716; x_wconf 92' lang='lat' dir='ltr'>eu</span> <span class='ocrx_word' id='word_1_131' title='bbox 1019 1668 1080 1714; x_wconf 82' lang='lat' dir='ltr'>tum</span> <span class='ocrx_word' id='word_1_132' title='bbox 1101 1655 1282 1716; x_wconf 77' lang='lat' dir='ltr'>discessimus</span> 
     </span>
     <span class='ocr_line' id='line_1_18' title="bbox 159 1730 1282 1813; baseline -0.003 -20"><span class='ocrx_word' id='word_1_133' title='bbox 159 1733 200 1794; x_wconf 91' lang='lat' dir='ltr'>ll.</span> <span class='ocrx_word' id='word_1_134' title='bbox 226 1733 297 1792; x_wconf 83' lang='lat' dir='ltr'>Maii</span> <span class='ocrx_word' id='word_1_135' title='bbox 322 1753 411 1813; x_wconf 88' lang='lat' dir='ltr'>quum</span> <span class='ocrx_word' id='word_1_136' title='bbox 443 1751 477 1792; x_wconf 85' lang='lat' dir='ltr'>ex</span> <span class='ocrx_word' id='word_1_137' title='bbox 497 1732 605 1790; x_wconf 81' lang='lat' dir='ltr'>Farelli</span> <span class='ocrx_word' id='word_1_138' title='bbox 636 1730 728 1791; x_wconf 88' lang='lat' dir='ltr'>literis</span> <span class='ocrx_word' id='word_1_139' title='bbox 752 1733 940 1812; x_wconf 82' lang='lat' dir='ltr'>cognovisset</span> <span class='ocrx_word' id='word_1_140' title='bbox 966 1733 1101 1810; x_wconf 82' lang='lat' dir='ltr'>(Vinctus</span> <span class='ocrx_word' id='word_1_141' title='bbox 1126 1733 1205 1791; x_wconf 89' lang='lat' dir='ltr'>enim</span> <span class='ocrx_word' id='word_1_142' title='bbox 1227 1731 1282 1792; x_wconf 91' lang='lat' dir='ltr'>lon</span> 
     </span>
     <span class='ocr_line' id='line_1_19' title="bbox 161 1807 1283 1892; baseline 0 -24"><span class='ocrx_word' id='word_1_143' title='bbox 161 1811 225 1892; x_wconf 87' lang='lat' dir='ltr'>gius</span> <span class='ocrx_word' id='word_1_144' title='bbox 245 1809 374 1887; x_wconf 79' lang='lat' dir='ltr'>alterat),</span> <span class='ocrx_word' id='word_1_145' title='bbox 397 1809 529 1870; x_wconf 83' lang='lat' dir='ltr'>statuisse</span> <span class='ocrx_word' id='word_1_146' title='bbox 556 1807 638 1868; x_wconf 90' lang='lat' dir='ltr'>illum</span> <span class='ocrx_word' id='word_1_147' title='bbox 664 1807 720 1867; x_wconf 87' lang='lat' dir='ltr'>iam</span> <span class='ocrx_word' id='word_1_148' title='bbox 741 1809 980 1888; x_wconf 87' lang='lat' dir='ltr'>octuagsnarium</span> <span class='ocrx_word' id='word_1_149' title='bbox 1002 1820 1033 1867; x_wconf 90' lang='lat' dir='ltr'>ct</span> <span class='ocrx_word' id='word_1_150' title='bbox 1051 1807 1283 1876; x_wconf 81' lang='lat' dir='ltr'>valetudinariun</span> 
     </span>
     <span class='ocr_line' id='line_1_20' title="bbox 159 1884 1283 1967; baseline -0.002 -21"><span class='ocrx_word' id='word_1_151' title='bbox 159 1904 260 1946; x_wconf 86' lang='lat' dir='ltr'>senern</span> <span class='ocrx_word' id='word_1_152' title='bbox 280 1887 338 1945; x_wconf 88' lang='lat' dir='ltr'>iter</span> <span class='ocrx_word' id='word_1_153' title='bbox 357 1886 392 1946; x_wconf 89' lang='lat' dir='ltr'>ad</span> <span class='ocrx_word' id='word_1_154' title='bbox 413 1905 444 1946; x_wconf 89' lang='lat' dir='ltr'>se</span> <span class='ocrx_word' id='word_1_155' title='bbox 464 1885 591 1967; x_wconf 84' lang='lat' dir='ltr'>ingredi,</span> <span class='ocrx_word' id='word_1_156' title='bbox 609 1884 651 1945; x_wconf 89' lang='lat' dir='ltr'>sic</span> <span class='ocrx_word' id='word_1_157' title='bbox 668 1885 696 1944; x_wconf 87' lang='lat' dir='ltr'>ei</span> <span class='ocrx_word' id='word_1_158' title='bbox 716 1884 804 1944; x_wconf 87' lang='lat' dir='ltr'>latine</span> <span class='ocrx_word' id='word_1_159' title='bbox 818 1885 978 1965; x_wconf 85' lang='lat' dir='ltr'>rescripsit:</span> <span class='ocrx_word' id='word_1_160' title='bbox 998 1884 1105 1959; x_wconf 85' lang='lat' dir='ltr'>„Vale,</span> <span class='ocrx_word' id='word_1_161' title='bbox 1125 1884 1165 1944; x_wconf 88' lang='lat' dir='ltr'>rui</span> <span class='ocrx_word' id='word_1_162' title='bbox 1182 1886 1283 1963; x_wconf 66' lang='lat' dir='ltr'>optimi</span> 
     </span>
     <span class='ocr_line' id='line_1_21' title="bbox 161 1959 1283 2044; baseline 0.004 -24"><span class='ocrx_word' id='word_1_163' title='bbox 161 1974 214 2037; x_wconf 85' lang='lat' dir='ltr'>„et</span> <span class='ocrx_word' id='word_1_164' title='bbox 233 1963 424 2044; x_wconf 87' lang='lat' dir='ltr'>integerrime</span> <span class='ocrx_word' id='word_1_165' title='bbox 445 1961 546 2038; x_wconf 86' lang='lat' dir='ltr'>scater,</span> <span class='ocrx_word' id='word_1_166' title='bbox 564 1972 595 2020; x_wconf 89' lang='lat' dir='ltr'>et</span> <span class='ocrx_word' id='word_1_167' title='bbox 614 1959 732 2040; x_wconf 89' lang='lat' dir='ltr'>quando</span> <span class='ocrx_word' id='word_1_168' title='bbox 753 1961 874 2021; x_wconf 89' lang='lat' dir='ltr'>teDeus</span> <span class='ocrx_word' id='word_1_169' title='bbox 894 1963 1080 2042; x_wconf 68' lang='lat' dir='ltr'>superstite·</span> <span class='ocrx_word' id='word_1_170' title='bbox 1100 1960 1283 2024; x_wconf 77' lang='lat' dir='ltr'>manerevul</span> 
     </span>
     <span class='ocr_line' id='line_1_22' title="bbox 162 2037 1283 2118; baseline 0.001 -22"><span class='ocrx_word' id='word_1_171' title='bbox 162 2039 214 2114; x_wconf 92' lang='lat' dir='ltr'>„in</span> <span class='ocrx_word' id='word_1_172' title='bbox 234 2039 361 2113; x_wconf 91' lang='lat' dir='ltr'>mundo,</span> <span class='ocrx_word' id='word_1_173' title='bbox 380 2040 445 2098; x_wconf 83' lang='lat' dir='ltr'>vive</span> <span class='ocrx_word' id='word_1_174' title='bbox 465 2058 580 2098; x_wconf 85' lang='lat' dir='ltr'>memor</span> <span class='ocrx_word' id='word_1_175' title='bbox 598 2049 717 2098; x_wconf 86' lang='lat' dir='ltr'>nostrae</span> <span class='ocrx_word' id='word_1_176' title='bbox 738 2037 973 2112; x_wconf 87' lang='lat' dir='ltr'>coniunctionis,</span> <span class='ocrx_word' id='word_1_177' title='bbox 993 2057 1068 2118; x_wconf 89' lang='lat' dir='ltr'>quae</span> <span class='ocrx_word' id='word_1_178' title='bbox 1093 2049 1127 2096; x_wconf 90' lang='lat' dir='ltr'>ut</span> <span class='ocrx_word' id='word_1_179' title='bbox 1145 2037 1283 2098; x_wconf 67' lang='lat' dir='ltr'>Ecclesia&lt;</span> 
     </span>
     <span class='ocr_line' id='line_1_23' title="bbox 161 2113 1283 2192; baseline -0.003 -20"><span class='ocrx_word' id='word_1_180' title='bbox 161 2115 240 2192; x_wconf 88' lang='lat' dir='ltr'>„Dei</span> <span class='ocrx_word' id='word_1_181' title='bbox 261 2114 317 2175; x_wconf 88' lang='lat' dir='ltr'>luit</span> <span class='ocrx_word' id='word_1_182' title='bbox 336 2115 426 2190; x_wconf 88' lang='lat' dir='ltr'>utilis,</span> <span class='ocrx_word' id='word_1_183' title='bbox 446 2115 487 2174; x_wconf 92' lang='lat' dir='ltr'>ita</span> <span class='ocrx_word' id='word_1_184' title='bbox 507 2134 561 2174; x_wconf 91' lang='lat' dir='ltr'>nos</span> <span class='ocrx_word' id='word_1_185' title='bbox 582 2115 643 2173; x_wconf 85' lang='lat' dir='ltr'>eius</span> <span class='ocrx_word' id='word_1_186' title='bbox 664 2113 775 2173; x_wconf 78' lang='lat' dir='ltr'>fructus</span> <span class='ocrx_word' id='word_1_187' title='bbox 795 2114 825 2172; x_wconf 91' lang='lat' dir='ltr'>in</span> <span class='ocrx_word' id='word_1_188' title='bbox 847 2113 933 2174; x_wconf 85' lang='lat' dir='ltr'>coelo</span> <span class='ocrx_word' id='word_1_189' title='bbox 954 2127 1062 2174; x_wconf 86' lang='lat' dir='ltr'>manet.</span> <span class='ocrx_word' id='word_1_190' title='bbox 1099 2113 1180 2174; x_wconf 89' lang='lat' dir='ltr'>Nolo</span> <span class='ocrx_word' id='word_1_191' title='bbox 1200 2125 1231 2173; x_wconf 87' lang='lat' dir='ltr'>te</span> <span class='ocrx_word' id='word_1_192' title='bbox 1253 2115 1283 2174; x_wconf 85' lang='lat' dir='ltr'>la</span> 
     </span>
     <span class='ocr_line' id='line_1_24' title="bbox 161 2188 1283 2273; baseline 0 -23"><span class='ocrx_word' id='word_1_193' title='bbox 161 2191 260 2272; x_wconf 87' lang='lat' dir='ltr'>„tigcs</span> <span class='ocrx_word' id='word_1_194' title='bbox 280 2211 344 2251; x_wconf 86' lang='lat' dir='ltr'>mea</span> <span class='ocrx_word' id='word_1_195' title='bbox 364 2211 456 2252; x_wconf 88' lang='lat' dir='ltr'>causa.</span> <span class='ocrx_word' id='word_1_196' title='bbox 495 2190 741 2273; x_wconf 80' lang='lat' dir='ltr'>Aegrcspiriturn</span> <span class='ocrx_word' id='word_1_197' title='bbox 755 2188 854 2266; x_wconf 85' lang='lat' dir='ltr'>traho,</span> <span class='ocrx_word' id='word_1_198' title='bbox 875 2203 906 2250; x_wconf 93' lang='lat' dir='ltr'>et</span> <span class='ocrx_word' id='word_1_199' title='bbox 924 2191 1038 2250; x_wconf 86' lang='lat' dir='ltr'>assidue</span> <span class='ocrx_word' id='word_1_200' title='bbox 1057 2203 1206 2270; x_wconf 80' lang='lat' dir='ltr'>exspecto,</span> <span class='ocrx_word' id='word_1_201' title='bbox 1226 2191 1283 2250; x_wconf 91' lang='lat' dir='ltr'>dun</span> 
     </span>
     <span class='ocr_line' id='line_1_25' title="bbox 161 2266 1283 2345; baseline 0.003 -20"><span class='ocrx_word' id='word_1_202' title='bbox 161 2286 232 2345; x_wconf 90' lang='lat' dir='ltr'>„me</span> <span class='ocrx_word' id='word_1_203' title='bbox 260 2267 403 2327; x_wconf 75' lang='lat' dir='ltr'>anhelitus</span> <span class='ocrx_word' id='word_1_204' title='bbox 427 2266 552 2328; x_wconf 85' lang='lat' dir='ltr'>deficiat.</span> <span class='ocrx_word' id='word_1_205' title='bbox 603 2267 678 2327; x_wconf 86' lang='lat' dir='ltr'>Satis</span> <span class='ocrx_word' id='word_1_206' title='bbox 710 2277 754 2326; x_wconf 88' lang='lat' dir='ltr'>cst</span> <span class='ocrx_word' id='word_1_207' title='bbox 778 2267 858 2345; x_wconf 89' lang='lat' dir='ltr'>quod</span> <span class='ocrx_word' id='word_1_208' title='bbox 881 2267 1002 2328; x_wconf 81' lang='lat' dir='ltr'>Christo</span> <span class='ocrx_word' id='word_1_209' title='bbox 1022 2267 1087 2328; x_wconf 83' lang='lat' dir='ltr'>vivo</span> <span class='ocrx_word' id='word_1_210' title='bbox 1114 2277 1145 2325; x_wconf 88' lang='lat' dir='ltr'>et</span> <span class='ocrx_word' id='word_1_211' title='bbox 1169 2267 1283 2328; x_wconf 88' lang='lat' dir='ltr'>morior</span> 
     </span>
     <span class='ocr_line' id='line_1_26' title="bbox 160 2342 1283 2422; baseline 0 -18"><span class='ocrx_word' id='word_1_212' title='bbox 160 2387 182 2422; x_wconf 95' lang='lat'>„</span> <span class='ocrx_word' id='word_1_213' title='bbox 207 2345 235 2404; x_wconf 86' lang='lat' dir='ltr'>ui</span> <span class='ocrx_word' id='word_1_214' title='bbox 255 2345 313 2406; x_wconf 87' lang='lat' dir='ltr'>suis</span> <span class='ocrx_word' id='word_1_215' title='bbox 332 2342 444 2404; x_wconf 89' lang='lat' dir='ltr'>lucrum</span> <span class='ocrx_word' id='word_1_216' title='bbox 466 2355 510 2404; x_wconf 87' lang='lat' dir='ltr'>est</span> <span class='ocrx_word' id='word_1_217' title='bbox 530 2343 560 2403; x_wconf 94' lang='lat' dir='ltr'>in</span> <span class='ocrx_word' id='word_1_218' title='bbox 580 2344 639 2403; x_wconf 84' lang='lat' dir='ltr'>rita</span> <span class='ocrx_word' id='word_1_219' title='bbox 659 2353 690 2402; x_wconf 88' lang='lat' dir='ltr'>et</span> <span class='ocrx_word' id='word_1_220' title='bbox 708 2355 814 2402; x_wconf 89' lang='lat' dir='ltr'>morte.</span> <span class='ocrx_word' id='word_1_221' title='bbox 854 2343 966 2404; x_wconf 85' lang='lat' dir='ltr'>Iterum</span> <span class='ocrx_word' id='word_1_222' title='bbox 982 2343 1044 2404; x_wconf 84' lang='lat' dir='ltr'>vale</span> <span class='ocrx_word' id='word_1_223' title='bbox 1061 2363 1126 2403; x_wconf 85' lang='lat' dir='ltr'>cunr</span> <span class='ocrx_word' id='word_1_224' title='bbox 1148 2343 1283 2404; x_wconf 80' lang='lat' dir='ltr'>iratribus</span> 
     </span>
     <span class='ocr_line' id='line_1_27' title="bbox 161 2417 1284 2496; baseline -0.006 -16"><span class='ocrx_word' id='word_1_225' title='bbox 161 2463 182 2496; x_wconf 94' lang='lat'>„</span> <span class='ocrx_word' id='word_1_226' title='bbox 216 2441 326 2482; x_wconf 81' lang='lat' dir='ltr'>enevae</span> <span class='ocrx_word' id='word_1_227' title='bbox 345 2419 386 2480; x_wconf 88' lang='lat'>11.</span> <span class='ocrx_word' id='word_1_228' title='bbox 407 2417 476 2481; x_wconf 87' lang='lat' dir='ltr'>Maii</span> <span class='ocrx_word' id='word_1_229' title='bbox 497 2419 684 2480; x_wconf 70' lang='lat' dir='ltr'>MDLxle’</span> <span class='ocrx_word' id='word_1_230' title='bbox 723 2419 816 2479; x_wconf 84' lang='lat' dir='ltr'>Venit</span> <span class='ocrx_word' id='word_1_231' title='bbox 838 2431 935 2480; x_wconf 89' lang='lat' dir='ltr'>tamen</span> <span class='ocrx_word' id='word_1_232' title='bbox 957 2419 1110 2480; x_wconf 82' lang='lat' dir='ltr'>Genevaan</span> <span class='ocrx_word' id='word_1_233' title='bbox 1130 2419 1226 2480; x_wconf 85' lang='lat' dir='ltr'>bouus</span> <span class='ocrx_word' id='word_1_234' title='bbox 1248 2420 1284 2480; x_wconf 84' lang='lat' dir='ltr'>ill</span> 
     </span>
     <span class='ocr_line' id='line_1_28' title="bbox 165 2495 1284 2577; baseline 0 -19"><span class='ocrx_word' id='word_1_235' title='bbox 165 2517 268 2572; x_wconf 85' lang='lat' dir='ltr'>senes,</span> <span class='ocrx_word' id='word_1_236' title='bbox 293 2509 324 2556; x_wconf 89' lang='lat' dir='ltr'>ct</span> <span class='ocrx_word' id='word_1_237' title='bbox 343 2519 432 2576; x_wconf 88' lang='lat' dir='ltr'>quum</span> <span class='ocrx_word' id='word_1_238' title='bbox 453 2517 511 2558; x_wconf 88' lang='lat' dir='ltr'>una</span> <span class='ocrx_word' id='word_1_239' title='bbox 530 2499 609 2556; x_wconf 90' lang='lat' dir='ltr'>inter</span> <span class='ocrx_word' id='word_1_240' title='bbox 626 2515 658 2556; x_wconf 88' lang='lat' dir='ltr'>sc</span> <span class='ocrx_word' id='word_1_241' title='bbox 677 2495 793 2574; x_wconf 81' lang='lat' dir='ltr'>loquuti</span> <span class='ocrx_word' id='word_1_242' title='bbox 813 2508 925 2572; x_wconf 87' lang='lat' dir='ltr'>essent,</span> <span class='ocrx_word' id='word_1_243' title='bbox 948 2496 1089 2577; x_wconf 84' lang='lat' dir='ltr'>postridie</span> <span class='ocrx_word' id='word_1_244' title='bbox 1109 2497 1284 2558; x_wconf 81' lang='lat' dir='ltr'>Neucemuu</span> 
     </span>
     <span class='ocr_line' id='line_1_29' title="bbox 163 2571 1284 2665; baseline 0 -31"><span class='ocrx_word' id='word_1_245' title='bbox 163 2573 260 2634; x_wconf 82' lang='lat' dir='ltr'>rediit.</span> <span class='ocrx_word' id='word_1_246' title='bbox 298 2574 440 2654; x_wconf 82' lang='lat' dir='ltr'>Reliquos</span> <span class='ocrx_word' id='word_1_247' title='bbox 463 2575 498 2632; x_wconf 90' lang='lat' dir='ltr'>ad</span> <span class='ocrx_word' id='word_1_248' title='bbox 520 2571 635 2632; x_wconf 81' lang='lat' dir='ltr'>obitum</span> <span class='ocrx_word' id='word_1_249' title='bbox 660 2591 752 2650; x_wconf 87' lang='lat' dir='ltr'>usque</span> <span class='ocrx_word' id='word_1_250' title='bbox 779 2571 840 2632; x_wconf 91' lang='lat' dir='ltr'>dies</span> <span class='ocrx_word' id='word_1_251' title='bbox 865 2573 894 2632; x_wconf 95' lang='lat' dir='ltr'>in</span> <span class='ocrx_word' id='word_1_252' title='bbox 916 2575 1064 2665; x_wconf 71' lang='lat' dir='ltr'>perpetuis</span> <span class='ocrx_word' id='word_1_253' title='bbox 1085 2593 1179 2652; x_wconf 85' lang='lat' dir='ltr'>paene</span> <span class='ocrx_word' id='word_1_254' title='bbox 1199 2575 1284 2654; x_wconf 84' lang='lat' dir='ltr'>preci</span> 
     </span>
    </p>
   </div>
   <div class='ocr_carea' id='block_1_3' title="bbox 51 2648 1284 2738">
    <p class='ocr_par' dir='ltr' id='par_1_3' title="bbox 51 2648 1284 2738">
     <span class='ocr_line' id='line_1_30' title="bbox 51 2648 1284 2738; baseline 0 -28"><span class='ocrx_word' id='word_1_255' title='bbox 51 2677 58 2684; x_wconf 95' lang='lat'><strong>·</strong></span> <span class='ocrx_word' id='word_1_256' title='bbox 162 2649 217 2710; x_wconf 87' lang='lat' dir='ltr'>bus</span> <span class='ocrx_word' id='word_1_257' title='bbox 237 2651 428 2730; x_wconf 79' lang='lat' dir='ltr'>consumpsit,</span> <span class='ocrx_word' id='word_1_258' title='bbox 447 2668 520 2709; x_wconf 84' lang='lat' dir='ltr'>voce</span> <span class='ocrx_word' id='word_1_259' title='bbox 541 2648 659 2727; x_wconf 89' lang='lat' dir='ltr'>quidem</span> <span class='ocrx_word' id='word_1_260' title='bbox 678 2657 803 2738; x_wconf 75' lang='lat' dir='ltr'>propter</span> <span class='ocrx_word' id='word_1_261' title='bbox 816 2649 928 2709; x_wconf 86' lang='lat' dir='ltr'>astlrma</span> <span class='ocrx_word' id='word_1_262' title='bbox 946 2670 1112 2729; x_wconf 86' lang='lat' dir='ltr'>susprnosa,</span> <span class='ocrx_word' id='word_1_263' title='bbox 1131 2649 1182 2710; x_wconf 89' lang='lat' dir='ltr'>scd</span> <span class='ocrx_word' id='word_1_264' title='bbox 1203 2651 1284 2710; x_wconf 91' lang='lat' dir='ltr'>oculi</span> 
     </span>
    </p>
   </div>
   <div class='ocr_carea' id='block_1_4' title="bbox 160 2722 1285 3723">
    <p class='ocr_par' dir='ltr' id='par_1_4' title="bbox 160 2722 1285 3723">
     <span class='ocr_line' id='line_1_31' title="bbox 162 2722 1285 2818; baseline 0.004 -34"><span class='ocrx_word' id='word_1_265' title='bbox 162 2725 264 2818; x_wconf 87' lang='lat' dir='ltr'>quales</span> <span class='ocrx_word' id='word_1_266' title='bbox 283 2725 319 2816; x_wconf 74' lang='lat' dir='ltr'>ad</span> <span class='ocrx_word' id='word_1_267' title='bbox 339 2739 501 2818; x_wconf 80' lang='lat' dir='ltr'>extremqm</span> <span class='ocrx_word' id='word_1_268' title='bbox 520 2742 613 2802; x_wconf 88' lang='lat' dir='ltr'>usquc</span> <span class='ocrx_word' id='word_1_269' title='bbox 633 2722 710 2783; x_wconf 87' lang='lat' dir='ltr'>clare</span> <span class='ocrx_word' id='word_1_270' title='bbox 728 2737 870 2786; x_wconf 78' lang='lat' dir='ltr'>micantes</span> <span class='ocrx_word' id='word_1_271' title='bbox 887 2724 990 2817; x_wconf 76' lang='lat' dir='ltr'>lrabuit</span> <span class='ocrx_word' id='word_1_272' title='bbox 1009 2725 1040 2786; x_wconf 89' lang='lat' dir='ltr'>in</span> <span class='ocrx_word' id='word_1_273' title='bbox 1060 2725 1176 2786; x_wconf 89' lang='lat' dir='ltr'>coelum</span> <span class='ocrx_word' id='word_1_274' title='bbox 1197 2726 1285 2788; x_wconf 87' lang='lat' dir='ltr'>subla</span> 
     </span>
     <span class='ocr_line' id='line_1_32' title="bbox 162 2801 1284 2883; baseline 0.003 -21"><span class='ocrx_word' id='word_1_275' title='bbox 162 2813 211 2875; x_wconf 85' lang='lat' dir='ltr'>trs,</span> <span class='ocrx_word' id='word_1_276' title='bbox 231 2812 262 2861; x_wconf 89' lang='lat' dir='ltr'>et</span> <span class='ocrx_word' id='word_1_277' title='bbox 282 2813 321 2861; x_wconf 90' lang='lat' dir='ltr'>rta</span> <span class='ocrx_word' id='word_1_278' title='bbox 338 2801 607 2882; x_wconf 72' lang='lat' dir='ltr'>compositovulto,</span> <span class='ocrx_word' id='word_1_279' title='bbox 627 2812 662 2860; x_wconf 91' lang='lat' dir='ltr'>nt</span> <span class='ocrx_word' id='word_1_280' title='bbox 678 2819 742 2860; x_wconf 88' lang='lat' dir='ltr'>sese</span> <span class='ocrx_word' id='word_1_281' title='bbox 762 2801 1010 2880; x_wconf 83' lang='lat' dir='ltr'>precantrsardnr</span> <span class='ocrx_word' id='word_1_282' title='bbox 1029 2813 1124 2864; x_wconf 87' lang='lat' dir='ltr'>totum</span> <span class='ocrx_word' id='word_1_283' title='bbox 1143 2804 1284 2883; x_wconf 86' lang='lat' dir='ltr'>proderet</span> 
     </span>
     <span class='ocr_line' id='line_1_33' title="bbox 161 2876 1284 2958; baseline 0 -20"><span class='ocrx_word' id='word_1_284' title='bbox 161 2897 249 2957; x_wconf 88' lang='lat' dir='ltr'>saepe</span> <span class='ocrx_word' id='word_1_285' title='bbox 278 2877 396 2938; x_wconf 82' lang='lat' dir='ltr'>Davidis</span> <span class='ocrx_word' id='word_1_286' title='bbox 425 2877 496 2938; x_wconf 89' lang='lat' dir='ltr'>illud</span> <span class='ocrx_word' id='word_1_287' title='bbox 527 2877 710 2958; x_wconf 87' lang='lat' dir='ltr'>ingeminans</span> <span class='ocrx_word' id='word_1_288' title='bbox 737 2876 769 2936; x_wconf 89' lang='lat' dir='ltr'>in</span> <span class='ocrx_word' id='word_1_289' title='bbox 807 2877 974 2952; x_wconf 88' lang='lat' dir='ltr'>doloribus,</span> <span class='ocrx_word' id='word_1_290' title='bbox 1013 2877 1125 2954; x_wconf 70' lang='lat' dir='ltr'>Tucci,</span> <span class='ocrx_word' id='word_1_291' title='bbox 1156 2877 1284 2938; x_wconf 71' lang='lat' dir='ltr'>Decrius</span> 
     </span>
     <span class='ocr_line' id='line_1_34' title="bbox 160 2951 1284 3034; baseline 0.002 -20"><span class='ocrx_word' id='word_1_292' title='bbox 160 2957 232 3034; x_wconf 79' lang='lat' dir='ltr'>quin</span> <span class='ocrx_word' id='word_1_293' title='bbox 250 2954 371 3034; x_wconf 75' lang='lat' dir='ltr'>fecisti,</span> <span class='ocrx_word' id='word_1_294' title='bbox 401 2966 432 3014; x_wconf 88' lang='lat' dir='ltr'>et</span> <span class='ocrx_word' id='word_1_295' title='bbox 460 2954 607 3014; x_wconf 89' lang='lat' dir='ltr'>interdurn</span> <span class='ocrx_word' id='word_1_296' title='bbox 632 2951 705 3012; x_wconf 90' lang='lat' dir='ltr'>illud</span> <span class='ocrx_word' id='word_1_297' title='bbox 732 2953 858 3030; x_wconf 88' lang='lat' dir='ltr'>Iesaiae,</span> <span class='ocrx_word' id='word_1_298' title='bbox 880 2953 1035 3015; x_wconf 62' lang='lat' dir='ltr'>uenum</span> <span class='ocrx_word' id='word_1_299' title='bbox 1056 2959 1131 3016; x_wconf 68' lang='lat' dir='ltr'>sicu</span> <span class='ocrx_word' id='word_1_300' title='bbox 1152 2955 1284 3016; x_wconf 72' lang='lat' dir='ltr'>columbe</span> 
     </span>
     <span class='ocr_line' id='line_1_35' title="bbox 163 3031 1284 3189; baseline 0.001 -98"><span class='ocrx_word' id='word_1_301' title='bbox 163 3031 272 3091; x_wconf 79' lang='lat' dir='ltr'>Audivi</span> <span class='ocrx_word' id='word_1_302' title='bbox 302 3049 421 3126; x_wconf 77' lang='lat' dir='ltr'>quoque</span> <span class='ocrx_word' id='word_1_303' title='bbox 433 3049 545 3189; x_wconf 46' lang='lat' dir='ltr'>sqfuqrn</span> <span class='ocrx_word' id='word_1_304' title='bbox 583 3031 709 3104; x_wconf 88' lang='lat' dir='ltr'>diceret,</span> <span class='ocrx_word' id='word_1_305' title='bbox 747 3031 799 3090; x_wconf 80' lang='lat' dir='ltr'>Tu</span> <span class='ocrx_word' id='word_1_306' title='bbox 826 3052 880 3126; x_wconf 45' lang='lat' dir='ltr'>uss.</span> <span class='ocrx_word' id='word_1_307' title='bbox 899 3035 1040 3107; x_wconf 69' lang='lat' dir='ltr'>muris,</span> <span class='ocrx_word' id='word_1_308' title='bbox 1072 3031 1216 3106; x_wconf 76' lang='lat' dir='ltr'>Donirre,</span> <span class='ocrx_word' id='word_1_309' title='bbox 1242 3055 1284 3124; x_wconf 37' lang='lat' dir='ltr'>&#39;se</span> 
     </span>
     <span class='ocr_line' id='line_1_36' title="bbox 164 3103 1284 3278; baseline 0.001 -33"><span class='ocrx_word' id='word_1_310' title='bbox 164 3103 465 3278; x_wconf 47' lang='lat' dir='ltr'>dluldltelrihipllms</span> <span class='ocrx_word' id='word_1_311' title='bbox 483 3103 1187 3274; x_wconf 47' lang='lat' dir='ltr'>qroqesqrqqopmmpppcquffipffigqqqqe</span> <span class='ocrx_word' id='word_1_312' title='bbox 1206 3109 1284 3264; x_wconf 72' lang='lat' dir='ltr'>qdrllll</span> 
     </span>
     <span class='ocr_line' id='line_1_37' title="bbox 165 3259 1284 3342; baseline 0.001 -21"><span class='ocrx_word' id='word_1_313' title='bbox 165 3281 283 3340; x_wconf 85' lang='lat' dir='ltr'>cunque</span> <span class='ocrx_word' id='word_1_314' title='bbox 303 3259 394 3321; x_wconf 85' lang='lat' dir='ltr'>officn</span> <span class='ocrx_word' id='word_1_315' title='bbox 415 3281 498 3322; x_wconf 88' lang='lat' dir='ltr'>causa</span> <span class='ocrx_word' id='word_1_316' title='bbox 517 3259 600 3320; x_wconf 75' lang='lat' dir='ltr'>illuns</span> <span class='ocrx_word' id='word_1_317' title='bbox 623 3261 705 3320; x_wconf 80' lang='lat' dir='ltr'>adare</span> <span class='ocrx_word' id='word_1_318' title='bbox 729 3260 905 3340; x_wconf 79' lang='lat' dir='ltr'>cupiebant,</span> <span class='ocrx_word' id='word_1_319' title='bbox 937 3282 1012 3342; x_wconf 85' lang='lat' dir='ltr'>quos</span> <span class='ocrx_word' id='word_1_320' title='bbox 1033 3281 1122 3341; x_wconf 84' lang='lat' dir='ltr'>quum</span> <span class='ocrx_word' id='word_1_321' title='bbox 1141 3281 1234 3334; x_wconf 86' lang='lat' dir='ltr'>voce,</span> <span class='ocrx_word' id='word_1_322' title='bbox 1269 3285 1284 3322; x_wconf 88' lang='lat' dir='ltr'>n</span> 
     </span>
     <span class='ocr_line' id='line_1_38' title="bbox 165 3336 1284 3425; baseline 0.001 -28"><span class='ocrx_word' id='word_1_323' title='bbox 165 3336 303 3412; x_wconf 83' lang='lat' dir='ltr'>diximus,</span> <span class='ocrx_word' id='word_1_324' title='bbox 326 3337 501 3417; x_wconf 81' lang='lat' dir='ltr'>praepedita·</span> <span class='ocrx_word' id='word_1_325' title='bbox 521 3336 751 3425; x_wconf 77' lang='lat' dir='ltr'>compellarent</span> <span class='ocrx_word' id='word_1_326' title='bbox 776 3357 836 3396; x_wconf 89' lang='lat' dir='ltr'>nou</span> <span class='ocrx_word' id='word_1_327' title='bbox 863 3357 949 3417; x_wconf 87' lang='lat' dir='ltr'>posse</span> <span class='ocrx_word' id='word_1_328' title='bbox 970 3337 1096 3411; x_wconf 84' lang='lat' dir='ltr'>videret,</span> <span class='ocrx_word' id='word_1_329' title='bbox 1121 3339 1251 3418; x_wconf 84' lang='lat' dir='ltr'>petierat</span> <span class='ocrx_word' id='word_1_330' title='bbox 1271 3361 1284 3398; x_wconf 84' lang='lat' dir='ltr'>c</span> 
     </span>
     <span class='ocr_line' id='line_1_39' title="bbox 164 3413 1283 3504; baseline 0.002 -32"><span class='ocrx_word' id='word_1_331' title='bbox 164 3415 366 3493; x_wconf 88' lang='lat' dir='ltr'>unusquisque</span> <span class='ocrx_word' id='word_1_332' title='bbox 392 3415 490 3494; x_wconf 87' lang='lat' dir='ltr'>potius</span> <span class='ocrx_word' id='word_1_333' title='bbox 522 3433 577 3492; x_wconf 92' lang='lat' dir='ltr'>pro</span> <span class='ocrx_word' id='word_1_334' title='bbox 603 3433 678 3504; x_wconf 42' lang='lat' dir='ltr'>rpso·</span> <span class='ocrx_word' id='word_1_335' title='bbox 694 3424 881 3504; x_wconf 70' lang='lat' dir='ltr'>precaretur,</span> <span class='ocrx_word' id='word_1_336' title='bbox 905 3435 993 3494; x_wconf 76' lang='lat' dir='ltr'>quan</span> <span class='ocrx_word' id='word_1_337' title='bbox 1018 3414 1056 3474; x_wconf 92' lang='lat' dir='ltr'>de</span> <span class='ocrx_word' id='word_1_338' title='bbox 1081 3433 1118 3474; x_wconf 86' lang='lat' dir='ltr'>en</span> <span class='ocrx_word' id='word_1_339' title='bbox 1144 3413 1283 3475; x_wconf 69' lang='lat' dir='ltr'>mvisend</span> 
     </span>
     <span class='ocr_line' id='line_1_40' title="bbox 165 3487 1284 3571; baseline 0.002 -23"><span class='ocrx_word' id='word_1_340' title='bbox 165 3487 323 3549; x_wconf 87' lang='lat' dir='ltr'>laboraret.</span> <span class='ocrx_word' id='word_1_341' title='bbox 362 3489 419 3550; x_wconf 87' lang='lat' dir='ltr'>Sae</span> <span class='ocrx_word' id='word_1_342' title='bbox 442 3509 589 3569; x_wconf 89' lang='lat' dir='ltr'>equoque</span> <span class='ocrx_word' id='word_1_343' title='bbox 608 3489 691 3563; x_wconf 82' lang='lat' dir='ltr'>mtltt,</span> <span class='ocrx_word' id='word_1_344' title='bbox 712 3509 793 3550; x_wconf 87' lang='lat' dir='ltr'>curus</span> <span class='ocrx_word' id='word_1_345' title='bbox 806 3501 996 3570; x_wconf 85' lang='lat' dir='ltr'>conspectum</span> <span class='ocrx_word' id='word_1_346' title='bbox 1015 3489 1126 3568; x_wconf 86' lang='lat' dir='ltr'>alioqui</span> <span class='ocrx_word' id='word_1_347' title='bbox 1146 3511 1284 3571; x_wconf 77' lang='lat' dir='ltr'>nunquan</span> 
     </span>
     <span class='ocr_line' id='line_1_41' title="bbox 163 3511 1284 3657; baseline 0.001 -32"><span class='ocrx_word' id='word_1_348' title='bbox 163 3564 354 3656; x_wconf 77' lang='lat' dir='ltr'>iniucundum</span> <span class='ocrx_word' id='word_1_349' title='bbox 368 3567 395 3626; x_wconf 89' lang='lat' dir='ltr'>ei</span> <span class='ocrx_word' id='word_1_350' title='bbox 416 3511 577 3656; x_wconf 76' lang='lat' dir='ltr'>llrissesum</span> <span class='ocrx_word' id='word_1_351' title='bbox 592 3576 737 3646; x_wconf 84' lang='lat' dir='ltr'>expertus,</span> <span class='ocrx_word' id='word_1_352' title='bbox 755 3567 937 3657; x_wconf 77' lang='lat' dir='ltr'>significavit,</span> <span class='ocrx_word' id='word_1_353' title='bbox 957 3567 1013 3628; x_wconf 82' lang='lat' dir='ltr'>ribi</span> <span class='ocrx_word' id='word_1_354' title='bbox 1032 3565 1087 3656; x_wconf 73' lang='lat' dir='ltr'>reli</span> <span class='ocrx_word' id='word_1_355' title='bbox 1112 3568 1119 3583; x_wconf 89' lang='lat'>&#39;</span> <span class='ocrx_word' id='word_1_356' title='bbox 1141 3587 1209 3626; x_wconf 88' lang='lat' dir='ltr'>nem</span> <span class='ocrx_word' id='word_1_357' title='bbox 1226 3588 1284 3628; x_wconf 72' lang='lat' dir='ltr'>esst</span> 
     </span>
     <span class='ocr_line' id='line_1_42' title="bbox 164 3587 1284 3723; baseline 0.001 -22"><span class='ocrx_word' id='word_1_358' title='bbox 164 3641 214 3701; x_wconf 81' lang='lat' dir='ltr'>vel</span> <span class='ocrx_word' id='word_1_359' title='bbox 234 3641 379 3703; x_wconf 79' lang='lat' dir='ltr'>tantillum</span> <span class='ocrx_word' id='word_1_360' title='bbox 401 3653 610 3722; x_wconf 77' lang='lat' dir='ltr'>occupationes</span> <span class='ocrx_word' id='word_1_361' title='bbox 629 3663 706 3702; x_wconf 91' lang='lat' dir='ltr'>meas</span> <span class='ocrx_word' id='word_1_362' title='bbox 726 3663 883 3703; x_wconf 82' lang='lat' dir='ltr'>remorans</span> <span class='ocrx_word' id='word_1_363' title='bbox 908 3643 984 3704; x_wconf 86' lang='lat' dir='ltr'>adeo</span> <span class='ocrx_word' id='word_1_364' title='bbox 1010 3644 1066 3703; x_wconf 85' lang='lat' dir='ltr'>luat</span> <span class='ocrx_word' id='word_1_365' title='bbox 1085 3587 1139 3705; x_wconf 65' lang='lat' dir='ltr'>illd</span> <span class='ocrx_word' id='word_1_366' title='bbox 1155 3655 1284 3723; x_wconf 84' lang='lat' dir='ltr'>tempor</span> 
     </span>
    </p>
   </div>
   <div class='ocr_carea' id='block_1_5' title="bbox 165 3716 1284 3801">
    <p class='ocr_par' dir='ltr' id='par_1_5' title="bbox 165 3716 1284 3801">
     <span class='ocr_line' id='line_1_43' title="bbox 165 3716 1284 3801; baseline 0.002 -23"><span class='ocrx_word' id='word_1_367' title='bbox 165 3737 284 3798; x_wconf 89' lang='lat' dir='ltr'>parcus,</span> <span class='ocrx_word' id='word_1_368' title='bbox 304 3719 384 3797; x_wconf 89' lang='lat' dir='ltr'>quod</span> <span class='ocrx_word' id='word_1_369' title='bbox 405 3716 544 3780; x_wconf 86' lang='lat' dir='ltr'>ecclesiae</span> <span class='ocrx_word' id='word_1_370' title='bbox 567 3719 698 3799; x_wconf 89' lang='lat' dir='ltr'>impendi</span> <span class='ocrx_word' id='word_1_371' title='bbox 717 3719 821 3795; x_wconf 88' lang='lat' dir='ltr'>sciret,</span> <span class='ocrx_word' id='word_1_372' title='bbox 847 3731 878 3779; x_wconf 90' lang='lat' dir='ltr'>et</span> <span class='ocrx_word' id='word_1_373' title='bbox 896 3719 927 3778; x_wconf 93' lang='lat' dir='ltr'>iu</span> <span class='ocrx_word' id='word_1_374' title='bbox 947 3739 985 3780; x_wconf 90' lang='lat' dir='ltr'>eo</span> <span class='ocrx_word' id='word_1_375' title='bbox 1010 3720 1076 3801; x_wconf 87' lang='lat' dir='ltr'>plus</span> <span class='ocrx_word' id='word_1_376' title='bbox 1095 3720 1181 3781; x_wconf 87' lang='lat' dir='ltr'>etiarn</span> <span class='ocrx_word' id='word_1_377' title='bbox 1202 3741 1284 3800; x_wconf 87' lang='lat' dir='ltr'>aequ</span> 
     </span>
    </p>
   </div>
   <div class='ocr_carea' id='block_1_6' title="bbox 163 3794 1284 3933">
    <p class='ocr_par' dir='ltr' id='par_1_6' title="bbox 163 3794 1284 3933">
     <span class='ocr_line' id='line_1_44' title="bbox 163 3794 1284 3933; baseline 0.002 -79"><span class='ocrx_word' id='word_1_378' title='bbox 163 3794 335 3876; x_wconf 82' lang='lat' dir='ltr'>religiosus,</span> <span class='ocrx_word' id='word_1_379' title='bbox 360 3815 397 3854; x_wconf 93' lang='lat' dir='ltr'>ne</span> <span class='ocrx_word' id='word_1_380' title='bbox 422 3795 531 3856; x_wconf 87' lang='lat' dir='ltr'>amicos</span> <span class='ocrx_word' id='word_1_381' title='bbox 549 3794 595 3854; x_wconf 86' lang='lat' dir='ltr'>vel</span> <span class='ocrx_word' id='word_1_382' title='bbox 616 3795 762 3857; x_wconf 88' lang='lat' dir='ltr'>tantillum</span> <span class='ocrx_word' id='word_1_383' title='bbox 778 3808 930 3933; x_wconf 51' lang='grc' dir='ltr'>ἵπποι.</span> <span class='ocrx_word' id='word_1_384' title='bbox 974 3797 1020 3857; x_wconf 89' lang='lat' dir='ltr'>lta</span> <span class='ocrx_word' id='word_1_385' title='bbox 1045 3797 1134 3878; x_wconf 87' lang='lat' dir='ltr'>igitur</span> <span class='ocrx_word' id='word_1_386' title='bbox 1152 3817 1184 3856; x_wconf 89' lang='lat' dir='ltr'>se</span> <span class='ocrx_word' id='word_1_387' title='bbox 1204 3797 1284 3875; x_wconf 80' lang='lat' dir='ltr'>ipsus</span> 
     </span>
    </p>
   </div>
   <div class='ocr_carea' id='block_1_7' title="bbox 163 3871 1284 4346">
    <p class='ocr_par' dir='ltr' id='par_1_7' title="bbox 163 3871 1284 4346">
     <span class='ocr_line' id='line_1_45' title="bbox 165 3871 1284 3954; baseline 0.004 -26"><span class='ocrx_word' id='word_1_388' title='bbox 165 3881 196 3929; x_wconf 89' lang='lat' dir='ltr'>et</span> <span class='ocrx_word' id='word_1_389' title='bbox 215 3871 323 3932; x_wconf 88' lang='lat' dir='ltr'>amicos</span> <span class='ocrx_word' id='word_1_390' title='bbox 344 3871 501 3932; x_wconf 86' lang='lat' dir='ltr'>consolans</span> <span class='ocrx_word' id='word_1_391' title='bbox 519 3871 587 3932; x_wconf 83' lang='lat' dir='ltr'>visit</span> <span class='ocrx_word' id='word_1_392' title='bbox 607 3892 699 3954; x_wconf 88' lang='lat' dir='ltr'>usque</span> <span class='ocrx_word' id='word_1_393' title='bbox 724 3873 760 3932; x_wconf 89' lang='lat' dir='ltr'>ad</span> <span class='ocrx_word' id='word_1_394' title='bbox 808 3873 859 3932; x_wconf 81' lang='lat' dir='ltr'>tx.</span> <span class='ocrx_word' id='word_1_395' title='bbox 879 3872 965 3950; x_wconf 84' lang='lat' dir='ltr'>Maii,</span> <span class='ocrx_word' id='word_1_396' title='bbox 991 3895 1052 3954; x_wconf 91' lang='lat' dir='ltr'>quo</span> <span class='ocrx_word' id='word_1_397' title='bbox 1073 3875 1122 3936; x_wconf 91' lang='lat' dir='ltr'>die</span> <span class='ocrx_word' id='word_1_398' title='bbox 1146 3892 1284 3934; x_wconf 80' lang='lat' dir='ltr'>censuras</span> 
     </span>
     <span class='ocr_line' id='line_1_46' title="bbox 163 3947 1284 4030; baseline 0.004 -24"><span class='ocrx_word' id='word_1_399' title='bbox 163 3947 245 4006; x_wconf 88' lang='lat' dir='ltr'>inter</span> <span class='ocrx_word' id='word_1_400' title='bbox 271 3969 325 4008; x_wconf 89' lang='lat' dir='ltr'>uos</span> <span class='ocrx_word' id='word_1_401' title='bbox 345 3949 494 4010; x_wconf 86' lang='lat' dir='ltr'>Ministros</span> <span class='ocrx_word' id='word_1_402' title='bbox 519 3967 670 4024; x_wconf 83' lang='lat' dir='ltr'>exercere,</span> <span class='ocrx_word' id='word_1_403' title='bbox 696 3961 727 4008; x_wconf 89' lang='lat' dir='ltr'>et</span> <span class='ocrx_word' id='word_1_404' title='bbox 750 3971 807 4010; x_wconf 91' lang='lat' dir='ltr'>una</span> <span class='ocrx_word' id='word_1_405' title='bbox 832 3949 930 4010; x_wconf 85' lang='lat' dir='ltr'>ciburn</span> <span class='ocrx_word' id='word_1_406' title='bbox 955 3968 1061 4030; x_wconf 87' lang='lat' dir='ltr'>capere</span> <span class='ocrx_word' id='word_1_407' title='bbox 1084 3949 1230 4011; x_wconf 85' lang='lat' dir='ltr'>amicitiae</span> <span class='ocrx_word' id='word_1_408' title='bbox 1261 3963 1284 4011; x_wconf 80' lang='lat' dir='ltr'>ts</span> 
     </span>
     <span class='ocr_line' id='line_1_47' title="bbox 164 4022 1284 4108; baseline 0.002 -24"><span class='ocrx_word' id='word_1_409' title='bbox 164 4022 286 4084; x_wconf 68' lang='lat' dir='ltr'>mundae</span> <span class='ocrx_word' id='word_1_410' title='bbox 307 4045 390 4084; x_wconf 89' lang='lat' dir='ltr'>causa</span> <span class='ocrx_word' id='word_1_411' title='bbox 422 4025 642 4102; x_wconf 82' lang='lat' dir='ltr'>consuevimus,</span> <span class='ocrx_word' id='word_1_412' title='bbox 673 4025 764 4086; x_wconf 85' lang='lat' dir='ltr'>biduo</span> <span class='ocrx_word' id='word_1_413' title='bbox 796 4038 865 4108; x_wconf 90' lang='lat' dir='ltr'>post</span> <span class='ocrx_word' id='word_1_414' title='bbox 893 4027 1032 4088; x_wconf 86' lang='lat' dir='ltr'>videlicet</span> <span class='ocrx_word' id='word_1_415' title='bbox 1055 4027 1239 4088; x_wconf 88' lang='lat' dir='ltr'>Pentecoste</span> <span class='ocrx_word' id='word_1_416' title='bbox 1276 4049 1284 4086; x_wconf 79' lang='lat' dir='ltr'>s</span> 
     </span>
     <span class='ocr_line' id='line_1_48' title="bbox 166 4099 1284 4183; baseline 0.001 -23"><span class='ocrx_word' id='word_1_417' title='bbox 166 4099 271 4160; x_wconf 86' lang='lat' dir='ltr'>Coena</span> <span class='ocrx_word' id='word_1_418' title='bbox 295 4099 418 4162; x_wconf 87' lang='lat' dir='ltr'>Domini</span> <span class='ocrx_word' id='word_1_419' title='bbox 443 4103 618 4181; x_wconf 85' lang='lat' dir='ltr'>sequuturis.</span> <span class='ocrx_word' id='word_1_420' title='bbox 660 4103 707 4163; x_wconf 90' lang='lat' dir='ltr'>Eo</span> <span class='ocrx_word' id='word_1_421' title='bbox 733 4101 780 4162; x_wconf 88' lang='lat' dir='ltr'>die</span> <span class='ocrx_word' id='word_1_422' title='bbox 807 4124 897 4183; x_wconf 82' lang='lat' dir='ltr'>quum</span> <span class='ocrx_word' id='word_1_423' title='bbox 921 4103 1008 4165; x_wconf 88' lang='lat' dir='ltr'>nobis</span> <span class='ocrx_word' id='word_1_424' title='bbox 1033 4101 1245 4177; x_wconf 86' lang='lat' dir='ltr'>concessisset,</span> <span class='ocrx_word' id='word_1_425' title='bbox 1275 4127 1284 4162; x_wconf 89' lang='grc' dir='ltr'>ι</span> 
     </span>
     <span class='ocr_line' id='line_1_49' title="bbox 167 4175 1284 4257; baseline 0.004 -22"><span class='ocrx_word' id='word_1_426' title='bbox 167 4175 246 4257; x_wconf 84' lang='lat' dir='ltr'>apud</span> <span class='ocrx_word' id='word_1_427' title='bbox 269 4177 364 4257; x_wconf 90' lang='lat' dir='ltr'>ipsum</span> <span class='ocrx_word' id='word_1_428' title='bbox 390 4199 483 4238; x_wconf 88' lang='lat' dir='ltr'>coena</span> <span class='ocrx_word' id='word_1_429' title='bbox 508 4179 671 4240; x_wconf 86' lang='lat' dir='ltr'>communis</span> <span class='ocrx_word' id='word_1_430' title='bbox 695 4179 906 4256; x_wconf 88' lang='lat' dir='ltr'>instrueretur,</span> <span class='ocrx_word' id='word_1_431' title='bbox 938 4193 969 4240; x_wconf 90' lang='lat' dir='ltr'>et</span> <span class='ocrx_word' id='word_1_432' title='bbox 988 4199 1005 4240; x_wconf 92' lang='lat' dir='ltr'>e</span> <span class='ocrx_word' id='word_1_433' title='bbox 1024 4179 1135 4241; x_wconf 90' lang='lat' dir='ltr'>lectulo</span> <span class='ocrx_word' id='word_1_434' title='bbox 1166 4177 1284 4240; x_wconf 88' lang='lat' dir='ltr'>collect</span> 
     </span>
     <span class='ocr_line' id='line_1_50' title="bbox 166 4253 1284 4346; baseline 0.004 -34"><span class='ocrx_word' id='word_1_435' title='bbox 166 4264 318 4346; x_wconf 68' lang='lat' dir='ltr'>utcunque</span> <span class='ocrx_word' id='word_1_436' title='bbox 338 4253 449 4316; x_wconf 88' lang='lat' dir='ltr'>vicibus</span> <span class='ocrx_word' id='word_1_437' title='bbox 486 4255 517 4315; x_wconf 95' lang='lat' dir='ltr'>iu</span> <span class='ocrx_word' id='word_1_438' title='bbox 551 4255 714 4336; x_wconf 82' lang='lat' dir='ltr'>proximum</span> <span class='ocrx_word' id='word_1_439' title='bbox 741 4255 881 4317; x_wconf 84' lang='lat' dir='ltr'>conclave</span> <span class='ocrx_word' id='word_1_440' title='bbox 905 4268 983 4319; x_wconf 89' lang='lat' dir='ltr'>essct</span> <span class='ocrx_word' id='word_1_441' title='bbox 1006 4257 1137 4332; x_wconf 82' lang='lat' dir='ltr'>delatus,</span> <span class='ocrx_word' id='word_1_442' title='bbox 1155 4255 1284 4332; x_wconf 82' lang='lat' dir='ltr'>„Postrc</span> 
     </span>
    </p>
   </div>
   <div class='ocr_carea' id='block_1_8' title="bbox 166 4331 1284 4418">
    <p class='ocr_par' dir='ltr' id='par_1_8' title="bbox 166 4331 1284 4418">
     <span class='ocr_line' id='line_1_51' title="bbox 166 4331 1284 4418; baseline 0 -22"><span class='ocrx_word' id='word_1_443' title='bbox 166 4349 281 4412; x_wconf 72' lang='lat' dir='ltr'>„tnuuq</span> <span class='ocrx_word' id='word_1_444' title='bbox 299 4332 441 4415; x_wconf 80' lang='lat' dir='ltr'>iuquit,</span> <span class='ocrx_word' id='word_1_445' title='bbox 457 4331 493 4395; x_wconf 90' lang='lat' dir='ltr'>ad</span> <span class='ocrx_word' id='word_1_446' title='bbox 505 4353 557 4398; x_wconf 80' lang='lat' dir='ltr'>vus</span> <span class='ocrx_word' id='word_1_447' title='bbox 575 4331 696 4413; x_wconf 84' lang='lat' dir='ltr'>accedo,</span> <span class='ocrx_word' id='word_1_448' title='bbox 717 4332 838 4414; x_wconf 85' lang='lat' dir='ltr'>iratres,</span> <span class='ocrx_word' id='word_1_449' title='bbox 851 4353 1002 4416; x_wconf 86' lang='lat' dir='ltr'>uunquam</span> <span class='ocrx_word' id='word_1_450' title='bbox 1019 4333 1145 4418; x_wconf 82' lang='lat' dir='ltr'>posthac</span> <span class='ocrx_word' id='word_1_451' title='bbox 1158 4331 1196 4396; x_wconf 85' lang='lat' dir='ltr'>ad</span> <span class='ocrx_word' id='word_1_452' title='bbox 1212 4354 1284 4396; x_wconf 84' lang='lat' dir='ltr'>meu</span> 
     </span>
    </p>
   </div>
   <div class='ocr_carea' id='block_1_9' title="bbox 0 0 1309 4840">
    <p class='ocr_par' dir='ltr' id='par_1_9' title="bbox 0 0 1309 4840">
     <span class='ocr_line' id='line_1_52' title="bbox 0 0 1309 4840; baseline 0 0"><span class='ocrx_word' id='word_1_453' title='bbox 0 0 1309 4840; x_wconf 95' lang='lat' dir='ltr'> </span> 
     </span>
    </p>
   </div>
  </div>
 </body>
</html>
