2618 4858
424 211 551 258 cnnmrr
570 210 749 272 serrorum.
1094 205 1150 272 m

19 362 80 430 tes,
101 349 253 428 Domine,
278 347 435 428 Domine,
463 351 552 440 speri
572 347 679 418 nobis.
724 349 774 416 12
796 350 838 416 Αι
865 349 921 418 ille
946 354 1149 441 respondens

19 455 75 532 nit,
104 453 204 518 Arnen
232 449 306 516 dico
335 449 446 530 vobis,
479 473 546 518 uon
573 453 746 518 nocivos.
790 451 1149 548 temptatumque,

19 555 92 642 quia
122 553 254 622 nescitis
285 549 369 620 diem
403 574 510 642 neque
539 553 670 634 horem,
708 555 742 620 iu
776 576 841 642 que
873 556 977 626 Filius
1008 557 1149 632 hondnir

19 657 133 724 reniet.

92 875 261 953 Quanquam
284 871 385 934 eodem
404 869 465 964 iere
485 869 577 934 tendit
595 871 666 934 laaec
684 871 858 950 exhortatio,
877 895 935 955 quo
952 898 985 940 ro
1007 879 1084 944 erior
1103 881 1150 961 (ut

18 950 122 1032 patebit
140 969 175 1010 eu
193 948 328 1026 clausula)
370 970 465 1030 roprre
484 959 584 1040 tamen·
605 949 696 1011 addita
715 959 772 1024 est,
797 961 829 1012 ut
850 951 945 1016 fideles
963 899 1005 1016 ad
1016 979 1150 1036 perseve-

18 1026 133 1088 rantiam
152 1025 311 1086 confirmet.
349 970 477 1088 linierat
497 1026 655 1100 Dominus,
686 1046 769 1106 quam
789 1045 929 1118 propensa
947 1030 984 1092 rit
1003 1033 1037 1093 ad
1056 1033 1151 1096 molli·

18 1105 85 1164 tieru
105 1099 248 1162 bominum
268 1112 384 1176 namra,
417 1112 501 1180 atque
521 1099 724 1182 utplurimum
743 1101 804 1162 lierr
825 1124 885 1164 non
904 1107 1006 1183 modo,
1034 1120 1067 1168 nt
1089 1109 1150 1172 lan-

171 1173 1152 1322 taurencium

18 1329 72 1390 nisi
91 1327 238 1390 tolerantia
258 1327 287 1387 in
322 1293 429 1410 ongdm
451 1273 560 1408 tem'pus
585 1325 639 1388 illis
657 1273 795 1420 sudpemt
833 1329 894 1418 pti
913 1333 1045 1414 cognitur
1064 1273 1153 1398 suddit,

18 1405 65 1467 hic
84 1403 231 1486 parabolae
251 1403 326 1480 linis,
345 1423 405 1462 non
424 1402 545 1494 multum
564 1402 594 1462 io
613 1401 730 1464 minutis
748 1415 865 1485 argtum
884 1405 1067 1472 laborandum
1086 1411 1151 1489 erit,

18 1502 90 1560 quae
114 1479 183 1540 nihil
206 1477 314 1540 ircirmt
336 1479 371 1542 ad
391 1478 498 1540 cornu
516 1489 651 1540 mentm.
690 1477 812 1540 Multum
832 1499 863 1540 se
884 1492 1021 1561 torquent
1039 1485 1151 1565 quidam

17 1561 49 1618 in
68 1555 201 1630 lucernis,
224 1555 254 1614 in
273 1555 361 1632 ιιιίι,
384 1553 415 1616 ἰιι
437 1554 516 1614 oleo:
549 1553 626 1646 atqui
643 1552 695 1614 rim
715 1554 760 1614 les
782 1565 812 1616 et
827 1558 954 1646 genuina
972 1581 1079 1621 summa
1098 1573 1151 1640 est,

19 1655 80 1696 non
102 1629 231 1694 sulficere
249 1627 340 1692 alacre
364 1629 407 1692 eri
429 1627 456 1690 ui
477 1640 613 1712 tempores
636 1575 774 1720 studium,
805 1631 871 1722 opi·
883 1631 1059 1723 infatigabilis
1079 1657 1152 1699 con·

18 1707 120 1770 stantia
146 1705 227 1768 simul
257 1707 380 1768 accedat.
450 1726 485 1766 oc
514 1717 607 1767 autern
641 1718 782 1786 aptissima
809 1705 989 1772 armrlrtudine
1022 1711 1153 1794 exprimit

18 1785 155 1849 Christus·
176 1782 264 1843 Pardo
276 1794 343 1844 ante
357 1782 485 1842 hortatus
498 1779 591 1842 luerat
608 1780 769 1862 discipulos,
787 1794 819 1843 ut
838 1784 1022 1863 perobscura
1040 1786 1104 1851 loca
1122 1799 1153 1852 et

19 1859 171 1944 caliginosa
189 1859 245 1918 iter
264 1857 365 1947 facturi
383 1857 505 1948 lucernis
527 1856 656 1919 instructi
680 1859 859 1948 essentzured
879 1862 956 1940 quia,
985 1863 1038 1925 nisi
1056 1864 1151 1928 oleum

18 1931 651 2084 :tiitfftzmttittmctttt‚¹titt
665 1931 1154 2098 dtii'ttmtlttttttt.

19 2089 126 2150 habere
154 2085 265 2160 fideles,
298 2105 370 2165 quae
399 2082 496 2145 lumen
523 2081 553 2144 in
579 2103 677 2143 eorum
703 2083 836 2146 cordibus
863 2107 1013 2150 accensum
1042 2090 1152 2156 loveatt

19 2163 126 2244 alioqui
145 2159 223 2236 iore,
243 2158 323 2220 utin
344 2160 438 2220 medio
456 2159 546 2240 spatio
565 2157 675 2220 deficiat
694 2179 793 2220 eorum
812 2159 946 2226 amerius

98 2241 124 2300 l.
163 2237 271 2298 Simila
288 2239 345 2296 erit
366 2257 489 2318 regnum
510 2237 663 2298 coelorum.
703 2235 768 2296 lloc
792 2237 909 2300 nomine
933 2250 1020 2302 status
1039 2239 1152 2304 suturae

19 2311 163 2376 Ecclesiae
187 2312 367 2452 intellipitur,
396 2331 466 2392 quae
491 2309 612 2372 llleoeiae
634 2309 762 2391 ampiciiu
786 2311 943 2450 nullipenda
968 2327 1036 2377 erat.
1079 2319 1152 2380 Tam

20 2389 124 2474 insigni
143 2399 237 2450 autem
257 2409 302 2448 eo
325 2387 358 2478 io·
377 2388 440 2479 dota
465 2409 483 2448 o
504 2407 553 2448 eru
571 2385 673 2460 utitur,
705 2405 743 2478 ne
767 2383 835 2478 falso
853 2465 860 2479 ι
876 2403 952 2452 eatae
968 2391 1153 2486 perfectionis·

20 2475 187 2528 commento
211 2485 272 2526 sese
295 2408 357 2526 «leci
379 2473 437 2522 rant
460 2461 477 2522 fi
498 2459 564 2524 eles.
603 2461 696 2551 Rorro
719 2463 928 2526 similitudmem
955 2485 989 2526 ex
1008 2489 1153 2532 commum

20 2543 96 2604 vitae
116 2563 166 2602 usu
184 2539 310 2621 sumpsit.
373 2537 465 2600 uerilis
490 2537 565 2598 enim
585 2537 756 2618 Hieronymi
781 2549 811 2600 et
829 2539 962 2602 similium
982 2541 1033 2604 luit
1051 2564 1154 2626 specu·

20 2617 105 2691 latio,
135 2615 182 2696 qui
208 2616 263 2676 hoc
289 2614 325 2676 ad
348 2612 514 2696 virginitatis
542 2611 651 2672 laudem
681 2624 838 2674 merent:
873 2637 959 2696 quum
989 2619 1057 2680 nihil
1081 2618 1155 2682 aliud

21 2693 138 2756 Christo
164 2689 251 2752 [uerit
275 2689 464 2772 propositum,
489 2709 571 2770 quam
599 2685 685 2750 taedii
709 2688 865 2750 molestiam
892 2691 1000 2769 levare,
1028 2717 1100 2776 quae
1119 2715 1154 2758 en

21 2789 104 2860 mora
128 2766 171 2830 rui
198 2765 334 2828 sdsentsu
358 2764 472 2846 concipi
495 2775 615 2855 poteret.
664 2763 742 2854 Dicit
760 2763 861 2902 iqitur,
880 2767 950 2828 nihil
975 2791 1008 2862 se
1031 2792 1051 2863 ⁸.
1071 2771 1155 2836 nobie

20 2862 158 3003 titii:
205 2864 269 2980 ‘¹:3¹
282 2839 871 3006 tttltlttffltsstt't‘gtsit
886 2843 1157 2988 tl‘ttlttt

19 3020 55 3060 ac
74 2993 208 3056 delicatae
245 3013 381 3075 sponsum
401 2992 517 3052 lroooru
536 3011 616 3054 causa
639 3012 669 3051 ιιι
689 2989 838 3056 murnum
859 2940 1040 3058 deducerent.
1080 2997 1155 3062 Cae.

20 3085 118 3133 terum
139 3071 169 3130 in
189 3090 225 3130 eo
244 3067 365 3130 vertitur
388 3087 496 3128 summa
518 3065 680 3146 parabolae,
701 3069 778 3147 quod
807 3089 869 3130 non
892 3071 957 3130 eatis
976 3071 1072 3134 estad
1090 3071 1156 3133 offi-

20 3149 101 3210 cinm
127 3145 215 3208 semel
237 3143 382 3208 accinctos
405 3141 491 3206 suisne
514 3155 543 3204 et
566 3153 693 3222 paratos,
728 3141 782 3206 nisi
808 3141 844 3206 ed
872 3143 959 3206 finem
987 3165 1077 3225 oeque
1101 3149 1157 3210 du.

21 3245 130 3390 mad:
172 3295 309 3376 Quinque
335 3293 506 3374 prudenter.
551 3291 587 3352 ln
616 3291 673 3354 fine
694 3291 825 3382 proximi
852 3293 950 3374 capitis
979 3295 1158 3392 peculiariter

19 3377 169 3542 idmiii’
185 3393 285 3510 itii?
298 3369 642 3535 ttilzttttll'dti
655 3383 1086 3540 imoiiiii'm‘dtfiii„
1100 3399 1158 3438 ¹¹¹⁸·

21 3539 79 3588 trus
99 3547 132 3586 se
154 3535 243 3608 gerat.
280 3523 365 3584 Nunc
383 3534 477 3582 autem
499 3520 535 3582 ab
555 3521 686 3582 omuibus
735 3541 761 3580 ea
785 3519 847 3582 lilrrs
863 3523 1041 3602 prudentiam
1058 3527 1088 3588 in
1145 3567 1160 3582 .

22 3621 95 3662 nere
116 3599 248 3678 requirit:
280 3619 317 3658 ne
342 3595 450 3658 scilicet
472 3596 678 3658 inconsiderate
695 3597 807 3658 ruendo
830 3599 950 3660 Satanae
972 3600 1002 3660 in
1027 3623 1078 3682 pra

20 3699 53 3739 se
74 3685 231 3758 exponant.
269 3673 352 3734 Hanc
374 3693 446 3736 vero
470 3673 635 3753 prudentiae
658 3672 780 3753 speciem
804 3671 946 3766 designet,
976 3689 1010 3737 ut
1031 3699 1161 3742 neceesa-

21 3753 73 3814 riis
93 3748 224 3814 subsidiis
244 3769 275 3810 re
294 3747 433 3810 iustruere
452 3759 554 3809 curerm
572 3747 817 3835 adperegendum
837 3760 910 3810 vome
930 3772 1050 3814 cursum.
1071 3756 1161 3816 Tem·

22 3851 78 3910 pos
99 3825 178 3888 enim
218 3823 323 3888 uamvis
342 3823 431 3884 breve
452 3844 507 3905 pro
526 3823 717 3913 impaueutipe
739 3835 852 3914 npstree
873 3822 987 3888 fervore
1010 3829 1094 3892 nirnis
1112 3831 1161 3894 dia

21 3901 158 4040 prpatralri
177 3847 302 4036 ridetpur:
332 3899 435 4035 dpinde
454 3920 486 3961 ea
506 3909 548 3962 est
566 3910 664 3960 nostra
686 3917 795 3979 mopso,
820 3922 892 3980 quae
910 3903 1038 3966 subsidiis
1055 3906 1084 3966 in
1102 3906 1162 3968 ain·

163 3999 191 4037 m
276 3995 347 4038 eea

20 4003 63 4065 gu
105 3998 163 4118 ἕο
179 3995 330 4112 dirersis
353 4059 455 4110 eutem
478 4071 592 4139 rpem
637 4048 726 4126 Quod
744 4049 878 4112 dormitio
902 4071 918 4112 a
943 4051 1107 4132 quibusdam
1129 4055 1161 4119 in

22 4131 130 4192 rualem
151 4141 260 4212 partem
281 4125 414 4200 trahitur,
440 4145 517 4206 quau
536 4124 629 4186 fideles
649 4147 704 4186 una
723 4147 787 4186 curn
811 4123 869 4187 aliis
888 4129 1036 4190 socordiae
1058 4151 1091 4194 ee
1111 4133 1162 4196 tle·

22 4207 110 4282 dunt,
131 4218 164 4266 et
180 4203 352 4265 indormiaut
370 4200 537 4263 vanitatibus
556 4201 671 4276 saeculi,
694 4221 710 4261 a
730 4200 836 4262 Christi
853 4214 948 4264 ruente
965 4213 995 4264 et
1013 4207 1163 4286 parabolae

23 4293 168 4346 contentu
186 4299 302 4362 proceru
320 4277 442 4340 adenem
462 4287 515 4340 eet.
552 4275 730 4340 Probebdim
751 4288 825 4339 esset
849 4279 885 4338 de
910 4293 1005 4343 morte
1023 4282 1163 4360 accipere,
1287 4285 1289 4292 '

903 4357 964 4420 1⁹·
