2618 4858
307 241 388 319 (lut.
429 239 562 304 Cbristus
582 261 597 302 a
616 241 735 306 muliere
754 244 896 330 ungitur.)
1108 249 1167 314 299

5 409 150 478 magno,
189 400 227 460 ei
249 391 317 468 deri
340 389 547 482 pauperibus.
592 393 641 460 lu.
669 393 742 460 Hoc
763 405 868 464 sutem
891 400 1036 486 cognito,
1062 403 1107 468 uit
1127 399 1165 468 ii·
1253 431 1263 446 ·

6 495 47 560 lis
80 495 205 573 lesus,
241 493 320 581 quid
349 494 474 564 molesti
507 496 584 564 estis
617 495 762 564 mulieri?
801 519 886 588 opus
915 503 998 568 euim
1039 501 1163 572 bouum

7 605 151 687 operata
177 604 234 661 cst
255 617 329 683 erga
352 619 413 664 me.
457 599 509 663 ll.
530 597 613 665 Natu
635 619 762 688 seraper
782 621 939 690 psuperes
961 602 1086 670 bebetis
1105 626 1164 674 vo·

6 699 158 765 biseum:
184 719 242 764 uae
262 719 341 765 vero
364 719 431 766 nou
452 721 580 788 semper
601 698 734 766 bebetis.
779 703 830 770 12.
854 703 955 792 Quod
978 709 1062 774 cuim
1084 707 1163 775 baec

9 809 228 888 unguentum
254 800 320 868 boc
346 802 431 868 misit
458 822 557 889 super
584 823 702 890 corpus
723 825 843 886 nucum,
876 806 917 874 ad
939 807 1162 896 sepeliendum

8 925 58 970 me
80 904 176 970 iecit.
228 902 279 967 13.
300 904 404 970 Amen
427 903 503 970 dico
524 900 630 982 vobis,
649 903 835 994 ubicunque
856 909 1071 996 praedicatum
1092 911 1163 978 iuo-

10 1009 49 1072 rit
70 1007 142 1074 boc
166 1005 386 1092 Evangeliuna
408 1007 441 1071 in
464 1013 534 1074 toto
556 1005 692 1088 muodo,
714 1007 897 1078 narrabitur
919 1013 1013 1082 etiam
1035 1014 1068 1082 iu
1091 1015 1161 1084 cius

9 1111 225 1188 memoriam,
246 1107 338 1196 quod
360 1110 430 1197 ipsa
450 1107 534 1176 iecit.

94 1293 258 1364 HAEC.
286 1293 379 1360 xiv.
423 1295 454 1362 i.
483 1294 561 1361 Erat
587 1303 692 1362 autern
725 1294 859 1376 Percbc,
895 1307 937 1365 et-
959 1299 1159 1388 Arpinorum

13 1397 79 1464 dies
100 1399 256 1482 (futuri)
276 1407 352 1486 port
379 1393 527 1464 biduum:
555 1407 587 1466 ct
612 1395 810 1486 quaerebant
835 1402 949 1466 summi
975 1403 1159 1471 sacerdotes

11 1511 41 1566 et
60 1499 220 1578 scribac,
247 1497 415 1586 quomodo
437 1520 510 1565 curu
531 1517 591 1586 per
612 1495 723 1566 dolum
745 1499 1010 1588 conprehensum
1032 1505 1159 1572 occide-

14 1613 91 1671 rent
136 1603 172 1668 2.
207 1598 372 1668 Dicebant
396 1609 520 1675 sutem,
551 1601 629 1666 Non
661 1602 695 1666 in
724 1599 778 1667 die
804 1601 901 1682 testo,
933 1621 976 1670 uc
1003 1605 1158 1674 tumuitus

14 1703 65 1770 irat
86 1703 225 1794 popuii.
270 1703 301 1768 3.
324 1703 366 1770 Et
393 1723 489 1791 quum
518 1711 602 1769 esset
629 1700 803 1768 Bethaniue
829 1705 863 1770 in
890 1703 988 1774 domo
1016 1705 1158 1776 Simonis

17 1804 154 1896 leprosi,
178 1803 395 1872 accumbente
417 1827 472 1884 co,
494 1807 584 1872 venir
604 1803 719 1870 mabar
740 1803 862 1872 babens
883 1806 1077 1876 alabastrum
1097 1832 1158 1876 uu-

16 1913 120 1995 gueoti
142 1907 247 1976 nardi
268 1909 401 1998 pisticae
420 1909 597 1996 pretiosae:
620 1917 651 1973 et
672 1911 867 1975 comminuto
889 1909 1052 1978 alabastro
1074 1911 1158 1978 etto-

18 2011 60 2078 dit
78 2012 128 2080 iiii
151 2015 190 2080 in
214 2019 323 2098 ceput.
366 2009 643 2078 dilaniantem
666 2008 810 2096 quidam,
838 2013 893 2097 qui
915 2013 1157 2098 iudignareutur

19 2113 99 2202 apud
122 2135 218 2195 sese,
241 2112 459 2191 rediemus,
481 2109 535 2180 td
556 2107 635 2198 quid
658 2110 796 2197 perditio
818 2111 897 2178 baec
919 2118 1094 2199 unguenti?
1122 2117 1154 2182 ὅ.

20 2215 96 2282 Noui
119 2224 254 2306 poterat
280 2213 345 2282 hoc
366 2212 461 2280 vendi
491 2213 607 2302 pluris,
635 2231 731 2299 quent
759 2215 910 2281 trecentis
931 2213 1085 2294 denariis,
1116 2237 1155 2283 ac

21 2317 84 2384 dari
99 2312 316 2407 pauperibus.
358 2315 401 2382 Et
423 2315 654 2384 infremuerunt
675 2313 830 2382 adversus
852 2315 950 2382 iiiam.
992 2315 1023 2384 6.
1044 2317 1086 2384 At
1107 2319 1156 2386 ie-

22 2439 71 2486 sus
92 2420 189 2501 dixit,
220 2418 325 2512 Sinite
350 2415 451 2484 ilionis
486 2437 546 2482 our
566 2416 614 2483 iiii
635 2415 762 2484 mutauit
791 2419 887 2484 catio?
918 2415 1043 2486 bonon
1069 2440 1155 2508 opu·

23 2535 149 2608 operata
170 2531 224 2591 est
247 2541 321 2606 erge
342 2540 402 2588 mc.
445 2519 476 2586 7.
500 2517 634 2608 Semper
660 2519 744 2584 enim
766 2541 924 2608 pauperes
949 2516 1072 2586 habetis
1093 2541 1154 2588 vo·

22 2617 154 2704 biscom,
178 2633 213 2690 et
236 2619 496 2710 quandocunque
513 2621 692 2698 volueritis,
713 2623 848 2708 potestis
868 2620 932 2689 iliis
950 2619 1154 2690 benefaceres

23 2743 69 2790 rue
86 2747 169 2794 vero
198 2745 270 2792 non
296 2745 423 2813 semper
443 2721 580 2792 bebetis.
621 2722 653 2788 8.
677 2720 780 2809 Quod
808 2722 918 2790 babuit
943 2724 1036 2804 baec,
1062 2725 1152 2792 iecit:

24 2833 197 2912 praevenit,
220 2838 257 2895 ut
276 2837 410 2916 ungeret
430 2847 536 2894 meum
556 2845 677 2912 corpus
698 2821 739 2890 ad
761 2823 964 2914 sepulturam.
996 2829 1027 2894 9.
1048 2827 1153 2895 Amen

26 2927 92 2996 dicu
115 2931 235 3006 vobis,
262 2930 449 3018 ubicunque
476 2927 696 3017 praedicatum
729 2923 824 2992 inerit
852 2927 1061 3016 Evangeiiurn
1087 2929 1153 3000 boc

24 3029 53 3096 iu
73 3043 141 3102 toto
164 3031 306 3114 muodo,
330 3035 425 3100 erton
446 3032 525 3112 boc,
556 3027 646 3118 quod
667 3027 742 3096 iecit
762 3027 854 3106 buco,
880 3027 1005 3098 dicetur
1028 3033 1064 3098 iu
1085 3051 1153 3100 uac-

25 3138 148 3205 noriam
171 3137 287 3226 ipsius.

102 3305 205 3376 LUC.
227 3307 328 3374 xxti.
372 3301 565 3372 1.1nsubsr
592 3309 697 3368 autent
724 3295 794 3366 dics
819 3295 919 3366 iestua
938 3299 1152 3386 Armorum,

28 3404 78 3490 qui
99 3406 218 3476 dicitur
233 3407 365 3476 Pascha.
410 3407 443 3476 2
476 3409 519 3475 Et
539 3403 737 3493 quaerebant
756 3401 918 3490 principes
938 3402 1152 3487 sacerdotum,

26 3511 239 3692 {qech'r'ibaffi
281 3507 449 3601 quomodo
486 3529 559 3576 eum
596 3504 829 3576 interficereuts
874 3503 1029 3574 timebant
1063 3509 1150 3578 euim

95 3847 180 3912 Nunc
200 3871 297 3914 sunau
316 3849 465 3914 confimat
481 3842 626 3920 Christus,
664 3842 719 3904 uod
738 3839 881 3926 discipulis
899 3841 933 3906 aii
954 3840 1044 3906 noue
1062 3841 1151 3906 inisse

31 3913 62 4006 ‘i'
81 3928 307 4006 topraedictum
325 3925 456 3988 uidimus:
480 3921 530 3986 scd
548 3922 617 3982 bace
639 3863 735 3980 drinio
754 3921 908 3999 praedictio
933 3944 948 3980 c
973 3921 1149 4009 rius-osten·

29 3990 75 4082 dri,
92 4019 171 4078 marn
191 4003 365 4064 voluntarius
383 4021 414 4062 uc
432 4002 467 4062 ed
485 3996 749 4060 mortcaroiserrct:
768 3995 853 4074 idque
872 4016 988 4058 necesse
1001 3995 1063 4070 turi,
1083 3993 1149 4086 quia

29 4071 78 4127 ³¹³3
99 4075 275 4140 obedieutiae
298 4076 435 4141 sacrificio
462 4073 565 4157 placari
587 4073 666 4134 Deus
694 4091 754 4134 nou
780 4082 902 4163 poterat.
944 4069 1035 4132 stou
1064 4081 1149 4132 euaor

32 4159 175 4214 occurrere
191 4153 321 4217 scandalo
339 4151 442 4227 voluit,
464 4171 502 4212 ne
520 4147 666 4232 discipuli,
687 4157 853 4209 necessitate
873 4158 1002 4210 coactum
1020 4143 1094 4206 trabi
1112 4145 1149 4207 ad

31 4233 146 4310 muntem
164 4242 310 4309 munies,
328 4229 493 4290 deficerent.
531 4225 575 4288 Ita
593 4223 696 4307 duplex
721 4222 775 4283 suit
795 4222 874 4283 buius
896 4219 1050 4282 sententiae
1068 4243 1147 4284 auus:

33 4309 130 4379 imo,
146 4317 180 4367 ut
195 4317 327 4371 tm
343 4305 559 4387 terminate
575 4300 611 4365 ad
627 4311 753 4367 nuum
770 4297 874 4364 Filium
892 4297 950 4362 Dei
966 4296 1148 4376 descendere,
