2522 4852
372 251 435 330 (16.
453 246 536 310 lesus
557 247 708 325 uescitur.)
1065 251 1105 318 57

25 395 101 462 careth
119 395 149 462 in
162 393 317 472 iudaeam,
338 397 369 460 in
391 392 506 460 urhern
519 393 639 470 David,
656 415 741 480 quse
760 393 1106 476 voeatanethlehern,

27 499 88 584 (quia
106 508 163 560 erat
184 517 218 560 cx
239 495 337 560 domo
359 505 392 560 et
414 497 606 580 cognatione
628 494 761 572 David),
781 495 811 560 5.
832 495 878 559 Ut
896 495 1107 582 profiteretur

24 619 71 660 cura
86 595 175 662 llaria
194 595 354 682 desponsa
375 594 438 663 sihi
460 616 569 674 uxore,
590 617 674 681 quae
697 606 764 662 crat
784 616 975 682 praegnans.
1005 599 1034 663 6.
1046 597 1108 662 Ao·

24 697 76 759 e'lit
95 707 187 760 autern
212 719 310 782 quoru
338 695 385 760 ihi
414 705 536 774 essent,
569 693 722 782 completi
749 705 824 762 sunt
850 695 921 760 dies
947 697 1106 782 pariendi.

24 797 41 860 i.
57 795 87 860 ῖι
105 798 218 886 peperit
246 795 351 860 filium
379 817 471 861 sunm
499 798 747 882 primogenitum
770 817 807 860 ac
834 795 940 860 fasciis
963 817 1035 860 enrn
1058 787 1107 862 in·'

24 893 105 976 rotor,
135 895 365 982 reclinavitque
389 919 461 962 curn
483 897 517 962 iu
539 899 705 984 praesepi,
732 893 821 983 quod
849 917 917 964 uon
945 907 1031 964 esset
1058 899 1105 964 eia

25 995 86 1061 hors
101 999 128 1062 iu
146 995 333 1063 diversorio.
1100 991 1102 995 ¹

74 1153 160 1214 eamr
178 1153 282 1228 Lucas,
303 1151 457 1234 quomodo
477 1153 587 1215 lactina
607 1154 712 1230 luerit,
731 1165 766 1218 ιιι
783 1167 954 1218 nasceretur
972 1155 1109 1220 Christtu

26 1231 317 1304 iaarhellethlehem,
348 1251 440 1310 qauua
458 1231 552 1291 Maria
583 1243 677 1292 mater
707 1235 769 1293 eius
798 1232 867 1294 alihi
898 1234 1022 1316 degeret
1052 1235 1108 1296 iarn

27 1307 208 1464 thile.
225 1307 1109 1450 liezill'ttt‘''¹ll..¹.3¹¹'lt.'.¹.¹¹¹”..5.t¹12³¹⁵¹¹.l’attali

30 1457 119 1518 ludica
134 1481 165 1522 ae
182 1472 305 1542 gentem
326 1480 407 1520 suan
425 1460 648 1540 profiterentur.
687 1461 719 1520 Si
731 1461 795 1522 data
813 1427 904 1542 op'ena
925 1473 955 1522 et
971 1463 1109 1526 consultu

34 1531 94 1592 lar·
106 1548 271 1612 animent,
299 1549 335 1596 ιιι
353 1548 472 1616 pareret
490 1536 582 1596 Maria
601 1537 631 1596 in
653 1535 844 1609 Bethlehem,
868 1549 981 1598 tanturn
1001 1539 1031 1598 in
1054 1539 1109 1602 ho·

38 1609 165 1702 uiuepsoa
182 1613 294 1673 intenti
315 1633 456 1693 essemus:
477 1633 556 1703 nunc
570 1631 659 1703 pero,
680 1635 771 1693 quum
791 1612 962 1705 nihil-aliud
982 1613 1112 1706 haheaut

32 1689 505 1852 mt.t:}t.⁰i.l“ei:l
524 1687 1111 1844 illlalli‘iiita’il’dliiiiill
1178 1799 1194 1822 .

28 1857 80 1927 ¹²⁵⁰.
94 1843 220 1921 oportuit.
261 1842 393 1902 Videtur
416 1840 535 1922 quidem
561 1840 619 1902 hoe
637 1861 700 1903 esse
733 1841 907 1919 lortuitunr,
938 1842 1024 1905 sicuti
1055 1841 1111 1908 alia

28 1934 99 1988 sarra,
113 1939 178 1996 qaae
188 1931 276 1980 certo
297 1918 450 1979 homiuum
468 1916 595 1978 consilio
616 1939 676 1978 non
698 1930 851 2000 reguntur,
872 1919 1009 1981 fortunae
1022 1919 1111 1981 aseri-

30 1987 75 2048 luet
89 1995 188 2071 protasi
208 1995 364 2056 homines:
394 1995 476 2074 atqui
508 2013 570 2054 uon
595 1993 768 2074 simpliciter
792 1995 940 2075 respicere
960 1996 1112 2072 convenit,

30 2067 199 2148 eilgmtar,
228 2072 286 2132 sed
312 2071 344 2130 iu
363 2071 536 2131 memoriane
555 2069 640 2130 sinaul
660 2071 762 2132 venire
781 2072 887 2146 dehet,
918 2072 988 2152 qnid
1012 2071 1111 2136 multia

28 2155 70 2200 aste
88 2147 189 2208 saeculis
214 2148 399 2228 praedictum
424 2146 514 2208 luerit
536 2168 553 2206 a
573 2146 738 2227 Propheta,
763 2159 794 2210 et
819 2149 1001 2228 comparatio
1033 2147 1112 2214 clare

28 2223 135 2306 elude,
156 2245 213 2283 nou
234 2225 303 2286 aine
323 2223 488 2284 admirabili
506 2223 565 2282 Dei
589 2223 773 2304 providentia
792 2244 912 2284 censum
933 2237 1003 2286 tunc
1023 2224 1113 2288 luisse

28 2294 297 2362 damascenam
323 2302 477 2382 Augusto,
503 2311 534 2358 et
552 2297 660 2379 Ioseph
686 2311 717 2359 et
742 2301 865 2360 hieriam
891 2299 980 2361 donro
1007 2301 1112 2379 pedena

28 2375 128 2456 turim,
152 2388 183 2436 at
205 2379 276 2457 ipso
300 2378 445 2457 temporis
470 2374 595 2436 articulo
621 2375 816 2444 renitentia
840 2375 1024 2438 Bethlehem.
1068 2377 1113 2438 lta

28 2451 116 2510 ulmea
125 2466 235 2516 meaos
257 2455 407 2516 interdum
420 2453 478 2512 Dei
496 2473 607 2524 servos,
626 2451 739 2512 etiamsi
756 2462 856 2512 mente
867 2463 1011 2589 rappetur
1029 2451 1113 2513 inscii

28 2540 124 2597 tecnon
143 2531 283 2602 tendant,
315 2543 426 2592 rectam
449 2541 549 2589 tamen
569 2530 643 2589 riam
665 2540 784 2602 tenere,
817 2528 884 2607 quia
935 2548 986 2588 eus
1011 2547 1115 2594 eoruna

29 2601 196 2688 relesdin'git.
241 2607 310 2668 Nee
329 2608 425 2668 miuus
444 2605 474 2666 iu
495 2624 532 2666 co
552 2625 584 2665 se
625 2604 720 2664 rolert
739 2602 916 2666 admirabilis
936 2603 995 2666 Dei
1015 2605 1116 2686 prori-

29 2675 101 2752 leatia,
117 2683 188 2761 quod
207 2685 397 2763 tyrannicum
416 2683 456 2742 im
497 2681 572 2742 rium
616 2681 706 2743 ariam
726 2682 817 2742 domo
838 2681 971 2756 exuahit,
990 2692 1024 2742 ut
1043 2703 1116 2762 pro-

29 2749 93 2826 pleth
111 2759 144 2820 ira
164 2760 269 2818 leatur.
315 2761 429 2822 Locum
480 2779 531 2818 eur
556 2777 611 2838 per
634 2757 815 2838 Propheta·
842 2757 1045 2842 designaverat
1069 2768 1117 2830 (ιιι

30 2841 97 2915 putea
110 2780 298 2912 silebimus),
322 2837 375 2898 ahi
393 2835 485 2896 hlium
507 2855 592 2896 anuas
611 2835 691 2894 nasci
711 2833 814 2895 vellet:
843 2835 899 2894 uisi
917 2835 946 2896 vi
964 2835 1117 2915 compulsa

30 2903 97 2990 israe
111 2911 215 2986 uaria,
234 2913 319 2974 douai
339 2931 444 2994 parere
463 2922 613 2972 statuerat.
652 2909 742 2970 lohet
759 2911 910 2992 Augustus
929 2929 1049 2972 censum
1069 2910 1117 2994 agi

31 3001 48 3034 a
61 2980 158 3062 lalaea,
184 3000 216 3047 et
235 2989 371 3072 singulos
395 3007 506 3050 nomen
527 2987 614 3062 dare,
643 2999 677 3048 ιιι
695 3007 825 3050 annuum
845 2987 952 3048 deinde
972 2987 1116 3050 trihutuua

30 3059 133 3135 eneae
156 3066 238 3146 quod
264 3069 345 3145 priua
368 3063 507 3127 solebant
526 3065 594 3124 Deo
618 3063 760 3154 pendere.
800 3061 846 3124 lta
866 3065 1006 3144 profanus
1026 3061 1118 3130 homo

31 3133 571 3342 'gallitellhlrl'h'in‘plfo'llll
579 3159 794 3306 streletz}
813 3138 1118 3306 :21:l:t,.lh'.‘tt

34 3293 460 3432 ,threaten
479 3292 1120 3458 eantecesserunt

32 3435 111 3502 tleaati
130 3467 205 3520 esre,
237 3467 300 3508 non
330 3447 427 3510 aulum
445 3446 528 3506 Deus
555 3457 679 3525 repente
699 3455 730 3504 et
749 3456 866 3525 praeter
886 3465 1018 3506 umerum
1036 3463 1121 3525 spem

32 3519 151 3583 “tellau
168 3524 300 3602 adhibet,
318 3523 370 3585 aed
390 3524 480 3603 impia
499 3521 547 3582 illa
567 3520 722 3600 tyrannide
741 3521 778 3582 ad
800 3519 1001 3580 redimendum
1023 3543 1120 3612 popu-

32 3583 153 3676 ΙΙ,Μιιιιι
170 3601 272 3662 utitur.
309 3603 387 3662 Naro
403 3601 525 3660 Praeaes
544 3599 606 3674 (rel
626 3597 756 3677 quisquis
776 3596 833 3658 suit
851 3595 902 3658 ille
913 3595 1045 3658 Caesaris
1065 3598 1121 3660 rui-

32 3675 112 3746 uter),
128 3675 191 3738 dua
211 3679 395 3770 acceditur,
435 3675 496 3737 uod
514 3673 572 3736 sihi
590 3673 758 3734 mandatum
779 3685 839 3746 est,
857 3693 980 3734 arcanus
1000 3685 1045 3734 est
1062 3673 1122 3736 Dei

33 3759 119 3820 Μ),
143 3755 191 3832 qui
216 3755 340 3816 Narrare
365 3697 527 3814 inlocum
554 3750 692 3812 divinitus
716 3747 884 3812 ordinatum
910 3763 1043 3812 arcessa.
1082 3751 1122 3816 Ee

32 3833 86 3880 ene
101 3825 149 3888 huc
166 3842 278 3910 spectat
296 3843 362 3891 tata
380 3829 479 3888 lucae
500 3827 646 3900 narratio,
665 3838 698 3888 ιιι
716 3837 877 3908 agnoscant
897 3823 1012 3902 fideles,
1033 3827 1122 3890 Chri-

33 3907 82 3954 *ιιι
97 3921 110 3960 ι
125 3907 178 3966 sais
197 3907 345 3968 natalibus
365 3906 423 3966 Dei
443 3925 531 3964 manu
552 3903 729 3982 productum
749 3923 821 3964 esse
860 3904 967 3981 Neque
986 3905 1065 3966 enirn
1084 3905 1122 3966 ad

33 3970 79 4060 lit}
92 3982 284 4044 tutitudinear
306 3983 364 4044 hoc
390 4001 492 4061 paruus
520 3979 602 4050 lacit,
633 3979 714 4058 quod
733 3979 832 4040 subito
853 3990 883 4038 et
904 3991 1019 4059 practer
1038 4003 1123 4042 suoru

33 4047 147 4114 ’‘ltltiuar
168 4071 257 4120 hacta
283 4060 342 4119 luit
358 4059 452 4120 Maria
475 4058 506 4117 in
526 4055 716 4132 Bethlehem,
744 4067 778 4118 ιιι
806 4055 877 4116 iude
907 4053 1038 4136 prodiret
1061 4055 1123 4118 lte-

35 4119 145 4206 ἆιῑιιοι,
160 4135 244 4198 sicuti
263 4137 337 4196 olim
356 4134 515 4217 promissus
535 4144 607 4194 erat.

85 4213 107 4267 t.
140 4209 229 4273 Tm
246 4209 337 4273 ordis.
375 4211 457 4272 llaec
485 4207 686 4288 synecdoche,
733 4231 801 4270 uuru
847 4207 932 4268 assim
958 4209 1062 4270 usitata
1086 4205 1126 4271 sit

37 4269 139 4369 lmus
158 4289 366 4372 scriptoribus,
397 4287 470 4348 dura
490 4285 581 4346 videri
602 4283 703 4346 nond
743 4297 783 4346 et.
860 4305 893 4344 cc
918 4281 1033 4356 dubito,
1053 4282 1124 4360 qrrin

38 4357 139 4422 ΜΒΝ
153 4365 314 4446 prusiadis
331 4362 498 4428 οοιιιιιιιιιιῐι
522 4361 614 4424 luerit
637 4360 684 4423 hic
703 4381 825 4436 census,
848 4371 881 4422 ut
898 4357 991 4440 magis
1016 4357 1134 4420 tolera-¹
