2678 4860
191 259 254 360 ιιι
414 253 531 320 SECT.
551 253 632 320 XIX.
672 269 799 321 cusum
820 267 939 355 resero
952 271 995 322 er
1014 271 1106 320 nors.

191 421 250 487 ret,
274 409 345 472 adeo
364 409 395 470 in
415 430 450 471 eo
470 407 541 470 nihil
560 418 605 470 est
623 405 789 485 absurdum,
816 419 849 476 ut
872 407 957 470 aliter
979 408 1074 472 salutis
1091 417 1191 472 nostru
1204 419 1279 488 myste-

190 483 265 548 rium
295 485 406 569 impleti
430 485 601 566 nequiverit.
639 485 733 546 Recte
760 484 837 544 enim
866 481 997 578 Cyrillus.
1038 487 1122 560 Quotl
1143 497 1278 546 aeternnm

190 563 350 628 selmum
369 563 579 644 qmtrmmodo
602 560 692 624 luerit
715 561 806 622 crucis
831 582 921 642 ριεςιο
942 563 1073 638 Christo,
1099 563 1234 623 rolmumu
1248 583 1280 620 m·

190 652 255 712 tem,
271 653 390 722 psopter
409 638 583 704 voluntatem
602 639 710 718 Patris,
731 648 761 698 et
779 649 900 719 propter
919 638 1037 700 salutem
1057 652 1180 712 nostram,
1197 659 1224 697 ex
1237 657 1282 716 pre·

191 715 305 782 catione
327 717 386 778 eius
405 713 486 785 facile
506 715 609 790 disces,
632 715 734 788 Peter,
758 711 782 775 si
801 713 861 776 fieri
902 727 989 790 otest,
1020 727 1139 776 transeat
1156 737 1170 774 a
1185 735 1222 772 me
1235 711 1280 772 calix

189 785 399 858 trtefrtemem
419 793 494 853 enim
514 791 641 866 ratione,
668 811 724 871 qun
748 789 866 851 verbnm
881 737 942 852 1ilci
963 793 1041 852 Dens
1066 803 1121 866 est,
1144 789 1232 870 etipsa
1245 807 1278 846 na·

189 870 410 952 tursb'temita,
427 887 515 930 uento
533 869 676 950 ambiget,
701 868 781 946 quod
801 867 880 927 nmlo
899 867 986 928 modo
1010 879 1131 930 monem
1152 865 1280 929 lornilarits

191 958 373 1029 cessantem
398 945 488 1008 lactus
503 944 654 1028 *permittit
673 944 751 1004 carni
770 954 805 1004 nt
829 964 878 1004 sua
897 945 1031 1024 patiatur,
1060 957 1091 1005 et
1117 943 1176 1004 ideo
1197 954 1222 1000 ut
1238 959 1284 1000 rere

191 1023 281 1085 homo
299 1019 479 1104 praesentem
497 1019 551 1082 ism
569 1021 601 1080 in
620 1019 710 1082 ianuis
729 1031 852 1080 mortem
873 1023 1045 1102 expavescit,
1065 1042 1099 1082 ac
1117 1019 1186 1094 tim,
1202 1017 1227 1080 si
1240 1037 1285 1152 pos-

193 1099 274 1162 sibile
298 1111 354 1171 est,
384 1099 484 1172 Pater,
512 1108 636 1160 trement
660 1117 676 1156 a
698 1117 745 1158 me
770 1095 839 1157 calix
863 1096 931 1170 iste,
969 1119 1071 1158 verum
1134 1097 1214 1164 oniam
1232 1104 1287 1152 atter

191 1176 254 1238 fieri
272 1196 331 1236 non
350 1185 462 1256 potest,
484 1173 532 1235 fiat
555 1194 616 1234 non
634 1183 667 1232 ut
684 1192 740 1264 ego
770 1172 853 1244 volo,
878 1174 927 1233 sed
954 1185 986 1234 ut
1009 1184 1051 1233 tu.
1121 1167 1287 1252 ides'quenal·

79 1269 86 1278 “
191 1251 309 1314 modum
327 1262 424 1312 nature
442 1250 563 1312 humana
582 1248 666 1310 etiam
690 1271 721 1309 ru
745 1248 806 1330 ipso
833 1247 951 1310 Christo
977 1271 1027 1312 sua
1050 1251 1154 1333 patitur
1174 1269 1202 1309 ac
1217 1243 1287 1306 iorni·

194 1329 259 1402 tm,
283 1329 334 1393 sed
352 1349 368 1388 a
387 1327 545 1390 coniuncto
564 1325 617 1388 sihi
636 1325 735 1386 Vesho
756 1325 793 1388 etl
814 1345 969 1408 congruam
988 1327 1046 1388 Dei
1070 1326 1243 1390 fortitudium
1257 1341 1288 1380 rt·

193 1405 315 1474 ducitur.
358 1403 488 1467 Tandem
515 1401 672 1466 concludit:
702 1401 836 1482 perspicis
864 1422 926 1462 non
955 1401 1042 1466 luisse
1065 1415 1180 1485 propter
1200 1419 1288 1468 mmm,

139 1519 141 1524 ·
193 1477 381 1554 uoluntariam
405 1491 529 1545 mortem
553 1479 680 1553 Christo,
713 1475 767 1540 luit
793 1489 887 1542 tamen
919 1479 1093 1554 voluntaria,
1122 1478 1289 1558 quiapropter

195 1575 273 1634 um,
301 1554 456 1619 seeundum
479 1555 652 1618 voluntatem
676 1553 780 1629 Petris,
814 1553 887 1619 selus
908 1565 939 1616 et
964 1556 1022 1618 sita
1044 1555 1198 1618 bominibus
1217 1553 1290 1612 dorth

194 1645 261 1697 ost.
286 1633 441 1712 Hucusque
470 1631 601 1713 Cyrillus·
640 1631 771 1711 Separari
800 1642 895 1692 tamen
923 1653 937 1690 a
965 1646 1063 1694 nostra
1090 1631 1186 1706 dehet,
1211 1645 1290 1723 praes

195 1709 311 1782 Christo
328 1720 457 1789 suscepta
477 1707 530 1768 luit
549 1706 640 1770 omnis
658 1707 818 1770 infirmitas:
854 1707 935 1771 sicuti
953 1705 1040 1790 louge
1060 1707 1153 1770 distat.
1200 1707 1257 1766 hen
1269 1721 1290 1760 n

194 1785 278 1848 uoltis
297 1785 363 1846 icleo
381 1783 474 1856 nullus
490 1784 561 1848 vitio
580 1783 700 1848 allectus
720 1791 810 1858 caret,
830 1783 894 1862 quia
914 1805 1014 1844 omues
1032 1785 1148 1846 modum
1166 1793 1290 1846 arrectum

194 1873 448 1940 temperamentum
474 1859 626 1922 essedum:
668 1859 796 1922 Christus
818 1873 915 1922 eutem
934 1859 1044 1922 tristitia
1063 1873 1095 1920 et
1114 1871 1188 1920 mets
1203 1855 1235 1918 sic
1250 1869 1290 1914 ιιι·

194 1937 278 2000 batus
302 1937 369 2010 luit,
400 1948 431 1998 nt
453 1949 549 1998 tamen
571 1937 703 1998 adversus
722 1937 818 1996 Deum
842 1957 904 1997 non
927 1935 1102 2018 insurgeret:
1131 1934 1177 2000 scd
1198 1941 1291 1994 marest

195 2013 373 2092 compositus
389 2013 425 2076 ed
443 2033 540 2079 veram
559 2013 761 2094 temperantiae
778 2011 915 2105 regulam.
973 2013 1036 2076 Nec
1059 2012 1138 2074 enim
1156 2012 1241 2072 rnirum
1257 2019 1291 2075 est

234 2113 283 2153 um
301 2089 331 2150 in
383 2111 414 2154 er
432 2102 516 2165 esset,
536 2109 681 2224 puruspue
700 2089 735 2150 ab
755 2109 834 2151 omns
852 2087 923 2162 lohe,
943 2110 1031 2168 puros
1051 2103 1079 2152 et
1098 2089 1213 2171 liquidos
1227 2085 1253 2144 ab
1267 2101 1290 2140 tu

235 2166 308 2231 uisse
325 2186 341 2226 a
366 2177 460 2240 ectus,
487 2166 614 2246 quemvis
652 2183 769 2228 umente
788 2163 954 2226 infirmitatis
973 2176 1059 2228 testes
1078 2165 1186 2228 forent:
1218 2181 1290 2222 acor·

194 2255 276 2325 nupta
294 2254 391 2306 eutem
410 2241 558 2311 bominum
583 2252 682 2304 natum
708 2239 778 2300 nihil
802 2261 916 2302 manare
939 2240 992 2304 nisi
1010 2241 1170 2315 turbidum,
1196 2251 1220 2300 et
1238 2233 1290 2316 qnol

193 2319 303 2386 faecem
323 2319 447 2400 resipiat.
485 2320 631 2380 Tenentur
649 2338 719 2400 ergo
738 2315 795 2381 hou
813 2317 972 2392 discrimen,
996 2317 1181 2382 Christumin
1197 2321 1291 2376 metuet

194 2396 307 2461 trutitie
324 2395 467 2466 infirmum
485 2393 571 2456 luisse
588 2393 694 2474 absque
713 2393 770 2454 ulla
793 2393 853 2456 vitii
871 2393 993 2470 macida:
1019 2407 1133 2458 nosnos
1150 2405 1232 2456 auten
1247 2410 1290 2450 uu·

195 2493 247 2534 nes
264 2471 399 2546 allectus,
418 2469 481 2552 quia
499 2471 530 2530 in
550 2491 691 2532 excessum
711 2467 863 2544 ebulliunt,
884 2491 942 2532 esse
961 2469 1086 2534 vitiosos.
1127 2471 1185 2532 Iam
1200 2467 1246 2550 ipss
1260 2461 1289 2522 el·

194 2549 324 2614 tertuum
344 2548 464 2629 species,
492 2545 594 2628 quibus
617 2557 742 2608 tentatus
767 2546 822 2609 fuit
841 2545 983 2622 (hristus,
1016 2547 1139 2608 nomnda
1157 2559 1205 2608 est.
1235 2541 1289 2604 Dlol

192 2621 353 2690 Matthaeus
370 2626 504 2684 tristitia
522 2634 553 2684 ct
572 2645 701 2686 nsosrore
719 2621 779 2701 (vel
796 2621 949 2698 anxietate)
966 2623 1071 2698 fuisse
1088 2627 1234 2700 affectem,
1248 2619 1289 2676 he

193 2719 241 2766 eas
263 2719 376 2782 angore
398 2703 607 2760 constrictum.-
647 2703 760 2760 blancus
784 2697 889 2762 addidit
909 2704 1076 2778 expavisse.
1124 2701 1201 2760 Unde
1221 2707 1288 2756 sulcu

195 2777 237 2838 illi
254 2787 419 2852 etnoeror,
439 2788 469 2838 et
488 2777 620 2852 anxietas,
639 2787 668 2836 et
686 2775 820 2851 formido,
840 2775 893 2836 nisi
911 2774 978 2856 quie
996 2774 1026 2836 in
1045 2787 1140 2839 morte
1157 2773 1245 2836 tristius
1256 2768 1290 2828 sl·

194 2853 261 2934 quid
280 2865 310 2914 et
327 2853 416 2931 magis
435 2852 572 2914 horribile
589 2851 724 2931 concepit
742 2873 826 2933 quom
843 2851 1050 2932 separationem
1076 2853 1183 2913 animae
1206 2861 1229 2910 et
1244 2865 1288 2904 eor·

194 2927 294 3012 poris?
351 2929 389 2990 Et
406 2941 485 2990 certe
508 2941 633 2990 mortem
658 2927 743 2990 subiit
762 2949 821 2988 non
841 2939 965 3004 tentum,
984 2940 1017 2990 nt
1036 2951 1053 2990 e
1072 2939 1146 2990 terra
1162 2926 1192 2988 in
1208 2921 1289 2986 rode!

195 3005 346 3088 migraret,
367 3005 418 3068 sed
440 3004 538 3087 potius
563 3015 594 3066 ut
616 3003 858 3079 maledictionem,
882 3003 929 3066 cui
953 3025 1062 3066 cranius
1086 3003 1209 3076 obnoxii,
1232 2999 1291 3084 int?

195 3081 351 3164 suscipiens
370 3102 424 3144 uos
440 3081 475 3142 ah
497 3101 531 3142 ea
550 3079 695 3144 eximeret.
732 3081 802 3142 Non
824 3100 896 3162 ergo
912 3093 1038 3142 mortem
1062 3079 1170 3142 horruit
1186 3073 1290 3166 simpliu-

197 3171 258 3236 ter,
281 3170 418 3251 quatenus
440 3157 572 3226 musitus
596 3169 639 3220 est
658 3177 674 3217 e
696 3155 819 3232 mundo,
845 3154 895 3218 sed
918 3155 982 3235 quis
1005 3155 1175 3218 formidabile
1192 3157 1239 3216 Der
1255 3163 1291 3208 tn·

195 3234 328 3298 hunallli
337 3233 588 3308 eratanteoculos,
603 3232 756 3312 iudexipse
765 3231 1045 3313 incomprehensibili
1058 3231 1175 3296 vindicta
1185 3239 1289 3308 amatu}

194 3323 310 3393 peccam
326 3333 398 3374 reru
415 3322 527 3386 nosne,
554 3331 675 3389 quorum
697 3329 773 3371 onus
796 3305 836 3368 illi
855 3319 916 3370 eret
939 3308 1115 3391 impositum,
1142 3329 1190 3371 sue
1206 3307 1289 3388 ingenti

192 3388 270 3451 mole
288 3409 354 3451 eum
373 3387 547 3467 premebant.
578 3385 679 3462 Quare
696 3385 766 3446 nihil
784 3383 895 3462 mirum,
914 3383 939 3446 si
956 3381 1094 3448 horribilis
1112 3383 1187 3446 exit'o'
1200 3383 1290 3462 abysos

191 3474 274 3528 metu
293 3475 323 3526 et
340 3465 479 3530 anxietate
498 3461 607 3534 duriter
625 3481 689 3522 eum
709 3461 853 3524 cruciarit.

267 3542 316 3602 38»
356 3541 466 3600 Tristis
484 3549 532 3600 ess
549 3541 652 3601 orsirm
670 3559 747 3599 meo.
787 3535 931 3600 Tristitiae
948 3559 1016 3602 suae
1036 3536 1160 3600 conscios
1180 3533 1245 3603 belh
1265 3537 1288 3586 ⁰²

190 3612 226 3682 etl
244 3615 428 3752 sympathiam
450 3613 670 3708 expergefaciat:
699 3635 759 3674 non
778 3611 855 3694 quod
876 3636 941 3677 eum
960 3613 1061 3676 lateret
1076 3614 1196 3696 ipsorum
1212 3601 1287 3668 debib'·

193 3701 250 3765 tas,
276 3711 307 3826 pe
382 3767 388 3782 .
473 3713 516 3829 prs
538 3713 577 3826 xnl
593 3703 740 3825 pusterpm
759 3709 809 3752 eos
832 3689 1199 3784 socordiae'snaepmlereu
1214 3685 1300 3778 ,im

189 3765 517 3919 tetemet
529 3769 999 3906 trististristis
1013 3767 1135 3906 sss
1152 3773 1284 3919 mh:

189 3920 268 4002 (cap.
292 3923 328 3994 t,
346 3918 405 3994 1.),
443 3920 613 3982 lestussum
632 3939 721 4000 usqne
746 3919 933 3988 aimonem.
980 3919 1069 3996 Quod
1085 3917 1145 3980 ideo
1160 3917 1300 3990 amum]

188 3997 253 4090 puis
275 4016 311 4062 ex
333 3995 448 4087 uetustis
470 3994 656 4074 scriptoribus
699 3994 790 4086 ripam
815 3996 891 4058 hune
920 3993 1016 4058 locum
1043 4005 1138 4080 argute
1162 3983 1275 4055 tractttll
1299 4003 1300 4044 l

188 4085 287 4155 inepte
302 4071 646 4162 philosophantur,·quod
714 4073 774 4136 rusti
794 4070 888 4134 anima
903 4093 965 4162 non
982 4069 1014 4132 in
1032 4085 1133 4148 morte,
1151 4067 1199 4132 sed
1215 4071 1272 4144 ue?
1299 4077 1300 4122 l

186 4151 222 4212 erl
248 4161 371 4212 montem
394 4161 504 4212 tantum
528 4160 623 4220 tristis¹
641 4147 736 4210 fuerit.
779 4149 876 4228 Atque
899 4147 946 4215 bre
968 4170 1061 4212 rursus
1085 4147 1148 4210 teeti
1164 4153 1274 4204 moeret
1299 4195 1300 4200 ,

186 4245 270 4288 uuus
286 4224 320 4288 iu
334 4235 460 4287 mentem
478 4223 576 4312 venire
594 4223 685 4314 nobis·
699 4221 805 4314 flebetr
843 4245 937 4306 neque
956 4225 1031 4286 enim
1052 4224 1092 4288 sic
1107 4223 1217 4308 animum
1299 4225 1300 4232 ’

184 4297 242 4360 Dei
257 4319 336 4433 ιέιοιι
354 4319 406 4375 per
422 4315 453 4360 se
471 4311 633 4375 emcresset,
655 4319 708 4364 nm
733 4321 798 4365 cum
821 4297 879 4368 Dei
899 4298 1005 4364 iudicio
1024 4300 1147 4366 sensisset
1163 4293 1213 4358 nbi
1233 4303 1277 4352 eut

183 4389 259 4450 nego
301 4393 340 4434 m.

349 3712 408 3771 quo
426 3713 471 3752 ma
