2522 4852
291 225 354 324 llas
367 251 450 335 Fuga
469 251 502 312 iu
521 251 713 334 Aegyptum.)
865 239 869 246 ¹
1027 261 1066 326 81

19 387 75 450 dre
88 401 148 452 esset
161 391 256 468 lsrael,
285 392 368 454 aduri
388 414 456 456 euru
476 415 493 456 e
512 395 617 456 misera
635 394 684 458 illa
703 395 861 470 servitute,
885 398 916 457 iu
957 419 993 462 ua
1013 399 1066 462 de-

18 487 83 552 rum
102 479 160 528 erat
195 467 274 530 Prius
296 470 398 532 similis
423 471 521 534 suerat
543 485 679 548 mortuo,
705 484 736 532 et
759 472 912 554 Aegyptus
935 419 979 536 dli
1004 491 1068 542 erat

18 555 70 600 mur
82 545 196 624 sepulcri:
214 565 268 627 ego
286 559 382 606 autem
402 549 482 624 inde,
522 553 581 610 nasi
602 570 636 608 ex
654 561 740 610 utero
752 549 903 625 eductum,
919 552 950 613 in
970 553 1068 616 lucem

18 619 58 704 ulae
71 621 165 698 protuli.
197 621 299 682 Merito
323 635 420 684 autem
440 627 481 686 sie
501 571 638 704 doquitur
655 625 819 698 Dominus,
843 628 909 707 quia
929 625 1067 694 titulatio

18 696 160 772 duretam
178 697 228 758 luit
246 699 345 780 populi
365 701 507 762 nativitas.
552 705 639 763 'lune
665 703 742 762 euim
768 703 861 782 palam
882 704 975 768 laetae
999 715 1069 770 sunt

18 771 122 850 duptiuuis
136 773 256 849 tabulae,
281 797 371 854 quum
391 779 473 860 Lege
498 779 681 861 promulgata
708 792 842 860 receptus
863 782 956 842 estin
977 803 1069 864 pecu·

18 845 108 922 lmllei,
124 871 232 933 reguum
244 853 436 928 sacerdotale,
456 865 488 914 et
505 867 625 937 gentem
645 867 787 916 sanctam:
811 878 900 936 quum
921 859 957 918 ab
970 861 1069 920 omni·

18 923 43 978 ln
57 946 83 1002 pu
100 927 143 988 ulis
159 929 209 989 luit
225 950 254 988 se
278 941 404 1010 regatus,
423 953 513 1009 quum
526 932 665 1011 denique,
684 943 718 992 ut
736 933 766 990 in
786 933 885 994 medio
902 935 964 996 eius
985 935 1070 998 habi·
1099 971 1101 975 ν

18 1009 66 1064 hut,
85 947 205 1066 boninus
226 949 282 1066 eidi
307 1005 528 1068 tabernaculum
554 1008 654 1069 erexit.
703 1007 831 1068 Perinde
855 1009 946 1092 igitur
969 1012 1070 1074 valent

18 1073 121 1152 luphetre
136 1081 215 1144 rerba
232 1083 290 1142 ausi
311 1081 443 1158 dixisset,
470 1083 614 1164 populum
634 1105 669 1144 ex
686 1083 826 1165 Aegypto
850 1107 913 1150 nou
932 1108 1015 1150 secus
1035 1109 1070 1152 ae

18 1155 107 1226 usluto
124 1159 215 1218 mortis
237 1159 357 1296 purgite
376 1172 511 1241 ereptum
531 1180 602 1220 esse.
638 1159 703 1222 lam
722 1163 887 1242 redemptio
906 1184 961 1245 per
980 1165 1071 1228 Chri-

18 1233 130 1292 truallatr
146 1235 209 1314 quid
227 1239 306 1297 aiud
327 1257 413 1315 quam
437 1238 614 1298 resurrectio
640 1258 657 1298 a
680 1249 794 1311 morte,
820 1251 850 1298 et
874 1261 968 1302 novae
993 1243 1071 1306 ritae

18 1303 82 1366 bitiuu
96 1309 153 1370 luit?
186 1312 283 1392 Prope
317 1313 396 1372 enim
425 1313 472 1374 lux
500 1311 598 1374 salutis
619 1324 690 1376 tunc
710 1313 851 1376 exstincta
870 1329 949 1392 erat,
980 1337 1071 1398 quum

18 1377 96 1446 [leusio
115 1387 211 1448 Christi
260 1409 369 1451 ersoua
387 1389 548 1451 Ecclesiam
578 1390 636 1452 sibi
664 1389 763 1451 denuo
790 1392 906 1472 genuit:
939 1405 1011 1455 tuuc
1036 1416 1072 1458 ex

18 1459 98 1540 hempta
112 1465 208 1542 prodiit
251 1465 360 1526 eclesia
378 1464 410 1524 in
429 1487 483 1526 suo
505 1467 616 1546 eapite,
638 1467 725 1528 sicuti
749 1478 845 1528 totum
869 1467 938 1530 inde
962 1491 1071 1552 corpus

20 1538 165 1600 uncturum
184 1542 288 1602 luerat.
328 1543 412 1602 Freit
429 1553 528 1603 autem
549 1543 620 1602 baec
640 1544 785 1625 analogia,
805 1542 947 1606 nevideri
965 1546 1073 1610 debeat

22 1611 195 1696 thortmquud
215 1632 333 1701 partem
351 1617 477 1697 aliquam
497 1619 640 1698 pueritiae
658 1639 727 1680 suae
741 1619 876 1682 Christus
889 1623 918 1682 in
931 1621 1071 1706 Aegypto

20 1693 110 1768 murga:
133 1695 195 1772 quin
222 1699 323 1775 potius
348 1715 385 1755 eo
410 1695 555 1756 illustrior
581 1695 639 1756 luit
656 1695 715 1756 Dei
742 1698 833 1778 gratia
859 1709 890 1757 et
906 1700 1014 1778 virtus,
1041 1711 1072 1764 et

18 1763 118 1828 tbhalle
133 1773 279 1834 eonsilium
302 1772 533 1852 magiseuituit,
564 1772 644 1852 quod
665 1772 713 1832 lux
732 1793 748 1833 e
768 1773 899 1836 tenebris
919 1789 1003 1840 etex
1023 1777 1073 1840 in-

18 1841 53 1900 lu'u
65 1848 103 1904 u‘ta
117 1851 229 1910 emersit.
268 1849 379 1910 Posset
398 1849 476 1909 enim
495 1847 606 1928 alioqui
627 1849 674 1910 bic
693 1849 868 1931 obstrepere
888 1852 982 1914 earnis
1002 1875 1072 1920 son·

18 1939 47 1982 tt.
59 1920 145 1982 Scilicet
160 1945 191 1984 ex
208 1927 277 2008 Aeg
301 1937 353 2005 pto
372 1937 511 1985 venturus
531 1938 576 1985 est
594 1925 792 2006 Redemptor:
813 1927 978 1991 Matthaeus
998 1947 1071 2070 ετῇο

18 2013 46 2052 ut
62 2017 104 2058 ose
122 2021 220 2062 novum
239 1947 298 2064 ved
314 2001 444 2062 insolens
470 2001 629 2077 admonet,
661 2003 741 2082 quod
761 2001 843 2064 Deus
867 2005 976 2066 Filium
1002 2009 1037 2074 in,
1055 2025 1073 2068 e

18 2069 127 2152 diruet,
148 2099 178 2138 ae
195 2081 298 2159 potius
318 2077 376 2138 boe
396 2079 433 2138 ad
457 2077 525 2138 fidei
552 2089 668 2140 nostrae
690 2080 945 2142 confirmationem
964 2083 1073 2178 valere²

18 2148 56 2222 [nd
72 2152 137 2214 sicuti
156 2155 239 2231 olim,
264 2157 308 2216 ita
332 2177 412 2218 nunc
435 2155 473 2215 de
496 2155 616 2237 integro
643 2167 779 2216 nascatur
803 2177 837 2214 ex
855 2156 993 2238 Aegypto
1013 2160 1074 2222 Der

18 2226 94 2286 ttlesia
133 2231 194 2292 Huc
221 2233 319 2294 modo
352 2243 396 2292 est
426 2232 586 2307 diversum,
618 2231 698 2312 quod
731 2230 803 2292 olim
832 2244 914 2292 totus
931 2236 1073 2316 ,populus

18 2299 87 2380 ltppti
101 2308 231 2388 ergastulo
259 2308 391 2370 inclusus
412 2307 514 2370 luerit:
541 2310 571 2368 in
595 2308 724 2370 secunda
751 2319 848 2368 autem
868 2309 1075 2390 redemptione

18 2384 62 2438 thu
76 2383 199 2446 Frclesiae
219 2397 312 2467 eaput
332 2384 465 2446 Christus
489 2385 548 2446 illic
571 2383 708 2459 latuerit,
733 2384 784 2446 sed
805 2385 856 2465 qui
880 2386 1013 2450 omnium
1028 2409 1074 2452 sa·

18 2464 60 2512 utu
74 2471 95 2519 ct
109 2463 185 2522 sitam
203 2465 233 2524 in
253 2483 288 2524 se
309 2461 448 2522 inclusam
489 2461 609 2524 estabat.

50 2539 81 2597 tt
112 2539 181 2599 Tum
203 2535 345 2599 Her-odes
367 2537 418 2596 ubl
437 2479 517 2598 subtr.
562 2538 710 2619 Loquitur
733 2537 899 2600 Matthaeus
924 2559 959 2600 ex
986 2560 1074 2604 sensu

18 2611 136 2696 {spinione
153 2617 303 2688 llerodis,
329 2615 379 2694 qui
400 2615 556 2696 deceptum
577 2635 608 2676 se
628 2637 643 2675 a
663 2616 753 2698 magis
773 2616 911 2696 putabat,
932 2617 997 2697 quia
1016 2618 1074 2678 mi-

18 2693 108 2749 Nnuse
123 2693 284 2754 uoluissent
305 2692 409 2771 impiae
422 2691 610 2752 crudelitatis.
640 2691 743 2754 Potius
763 2693 826 2772 ipse
846 2705 948 2774 captus
967 2691 1025 2754 tuit
1039 2695 1073 2755 iu

18 2769 121 2844 usuris,
137 2771 184 2850 qui
202 2769 320 2849 perfide
340 2767 536 2845 simulaverat,
555 2768 611 2828 sibi
631 2787 751 2859 quoque
771 2789 833 2830 esse
852 2771 883 2830 in
903 2771 1074 2832 animoRe·

18 2854 137 2905 tutorum
159 2848 269 2908 colere.
311 2845 408 2906 Porro
434 2845 519 2907 huius
545 2845 684 2905 historiae
708 2845 846 2916 uullafit
863 2848 975 2908 mentio
995 2848 1073 2926 apud
1182 2899 1187 2910 .

18 2915 119 2992 utpium:
135 2922 211 2986 solus
220 2923 395 2984 Macrobius
414 2918 491 2983 libro
504 2921 736 2982 saturnaliorum
749 2927 778 2985 2.
798 2921 880 2983 iocos
901 2934 931 2984 et
949 2923 1074 2986 dicteria

18 2997 80 3061 ‘luth'
95 2998 214 3062 referens
234 2999 323 3073 dicit,
348 2999 450 3072 Quum
470 2998 611 3070 audisset,
635 2997 714 3058 iussu
732 2999 880 3073 Herodis,
933 3019 1020 3062 ueros
1039 3001 1073 3060 iu

18 3067 53 3152 {rh
66 3071 124 3133 inlra
142 3076 283 3138 bimatum
304 3077 428 3150 occisos,
448 3075 528 3136 etin
548 3073 634 3135 turba
653 3074 738 3137 simul
755 3021 991 3165 occisumdrtsse
1011 3075 1074 3168 eius

18 3127 67 3230 ιφ,
88 3151 211 3227 Mallem,
235 3152 350 3231 inquit,
375 3152 503 3212 Herodis
528 3171 636 3231 porcus
657 3169 720 3210 esse
745 3171 833 3229 quam
859 3151 944 3210 lilius.
965 3151 1075 3243 'Atqpr

18 3216 54 3278 du
67 3224 165 3290 abunde
182 3229 296 3293 suffieit
320 3230 406 3288 unius
426 3227 566 3290 Matthaei
589 3227 756 3287 auctoritas.
793 3227 864 3284 Nou
885 3226 989 3289 deburt
1006 3247 1074 3308 qur·

18 3310 43 3350 'fl
54 3297 141 3366 larium
158 3317 217 3368 tam
237 3304 434 3366 memorabile
453 3303 551 3365 omitti
570 3324 587 3363 a
606 3302 751 3384 Iosephus
771 3300 876 3362 mirum
892 3315 991 3364 tamen
1011 3323 1075 3364 uon

18 3371 220 3458 altithronus
241 3384 250 3442 i
274 3403 339 3442 sum
357 3392 473 3452 meere,
498 3381 548 3472 qui
573 3378 677 3444 leviter
700 3389 814 3440 tautum
835 3391 865 3438 et
885 3377 1011 3440 obscure
1029 3389 1076 3442 at·

18 3461 54 3524 'pt
67 3475 115 3517 nou
132 3459 227 3522 miuus
248 3404 423 3520 detestabile
441 3457 578 3518 saevitiae
591 3455 764 3534 exemplum,
785 3454 866 3547 quod
885 3456 991 3516 eodem
1011 3455 1075 3518 iere

18 3535 86 3658 :pote
107 3537 255 3598 sustulerit
278 3553 382 3594 omnes
401 3533 533 3610 ludices,
566 3553 641 3612 quos
662 3531 826 3592 Sanbedrrn
850 3532 1010 3608 vocabant,
1035 3552 1075 3593 ne

37 3625 151 3690 ,pronus
174 3613 327 3674 residuum
348 3620 480 3702 maneret
499 3630 532 3669 ex
555 3609 648 3700 stirpe
667 3607 796 3669 Davidis.
835 3609 900 3689 Ego
921 3628 991 3698 vero
1012 3627 1076 3670 nors

18 3676 267 3856 &testula
284 3685 1077 3855 ululatuumdeleturum

18 3831 1077 4006 lutulentuscelaturum,tulsuuutt

18 3987 121 4066 tultem
145 4016 205 4056 nou
232 3993 337 4076 procul
361 3993 487 4054 abluisse
508 4013 524 4052 a
550 3992 669 4052 bimatu.
718 3992 787 4052 Hoc
812 3991 929 4069 quidam
958 3991 1077 4070 lougius

18 4061 67 4144 ξῦᾶε
88 4069 213 4148 trahunt,
266 4093 305 4132 uo
334 4083 471 4150 temporo
498 4067 763 4148 veneruntlmagi,
795 4069 858 4128 eius
883 4067 946 4126 fere
972 4064 1076 4126 aetatis

18 4141 205 4208 ntllbismm.
235 4093 383 4230 lignem
404 4147 527 4206 alterum
548 4165 583 4204 er
602 4143 695 4208 altero
715 4163 800 4226 nego
810 4143 927 4234 confici.
951 4143 1076 4216 Quanto

18 4229 69 4272 mre
92 4234 156 4284 tuuc
185 4236 341 4304 correptus
373 4223 463 4284 luerit
481 4221 629 4296 Herodes,
659 4241 749 4300 quum
779 4241 881 4310 rumor
911 4239 943 4278 ru
972 4213 1077 4294 vulgus

18 4307 74 4352 tuus
95 4311 165 4360 esset
187 4301 225 4362 de
253 4319 333 4364 uovo
359 4301 442 4382 Rege
474 4311 562 4375 nato,
593 4298 681 4377 paulo
706 4307 775 4359 onte
797 4297 930 4357 vidrmus.
975 4291 1078 4378 Quum

18 4379 44 4422 ’ἓ
57 4369 206 4452 inpetierit
223 4377 333 4452 mitras,
348 4398 387 4438 ne
405 4375 589 4459 proditorem
601 4376 767 4457 quempiam
780 4371 944 4434 clanculum
954 4365 1079 4428 subura

18 4462 162 4526 “ratu-u.
176 4477 294 4530 uttan.
308 4479 417 4527 navet
433 4478 453 4528 r.
821 4452 842 4508 ⁶
