2502 4854
166 249 187 306 2
514 239 625 304 SECT.
647 237 714 300 xtt.
754 252 959 300 ranasocar..

167 394 258 482 regni
287 392 465 460 coelorum:
502 392 565 459 illis
594 401 792 460 autemnon
820 401 868 456 est
897 390 1012 464 datum.
1058 387 1106 454 12.
1135 385 1233 472 Quiaqa

167 500 252 564 euim
269 495 373 574 babet,
394 492 525 560 dabitur
541 497 579 574 ei,
603 505 634 560 et
656 492 872 560 abundantior
895 493 1057 558 reddetur:
1078 493 1201 576 quisquis
1218 511 1233 552 a

168 612 229 668 tem
252 619 319 664 non
341 596 447 674 babet,
470 600 563 662 etiam
586 595 619 662 id
638 596 727 684 quod
750 594 845 662 babet
860 594 991 661 tolletur
1010 592 1051 658 ab
1067 613 1112 658 eo.
1147 593 1188 656 13.
1201 593 1233 655 u

166 711 275 792 pterea
297 721 356 787 per
377 698 547 786 parabolas
570 699 688 787 loquor
710 697 781 776 illis,
805 701 878 783 quia
893 698 1111 764 videntesuon
1125 693 1220 770 rideat,

167 806 334 872 audientes
357 823 422 868 non
445 803 596 882 audiunt,
617 823 678 871 aec
698 799 889 886 intelligunt.
933 801 983 864 ll.
1007 799 1047 864 Et
1069 796 1233 884 conpletur}

167 909 230 974 illie
252 905 417 994 prophetia
440 905 583 986 Jesaiae,
610 925 695 993 quae
724 903 815 982 dicit,
843 902 984 969 Auribus
1011 901 1149 977 audietis,
1172 909 1196 964 et
1212 917 1233 968 nt

167 1009 357 1096 intelligetis,
379 1017 410 1072 et
431 1008 579 1093 videutes
598 1005 759 1086 videbitis,
779 1015 811 1071 et
832 1025 898 1072 noa
921 1006 1066 1071 cernetis.
1108 1001 1153 1066 15.
1169 1002 1233 1074 lama]

168 1123 270 1184 saurm
300 1121 349 1178 est
374 1112 458 1176 euim
485 1133 543 1181 cor
562 1107 678 1203 populi
700 1109 807 1186 buires,
835 1118 869 1174 ot
887 1107 1020 1177 auribus
1040 1107 1164 1198 graviter
1181 1099 1233 1182 andi

168 1225 261 1291 ruat,
288 1223 320 1280 et
346 1215 460 1282 oculos
488 1233 566 1280 suos
593 1211 790 1292 clauserunt,
822 1233 863 1276 ne
886 1210 1017 1298 quando
1043 1207 1161 1274 rideant
1177 1201 1233 1292 ocull

169 1327 200 1384 et
222 1315 353 1384 auribus
376 1316 525 1395 audiant,
553 1327 585 1383 et
612 1313 711 1384 corde
733 1313 925 1402 intelligant,
954 1324 985 1379 et
1007 1309 1233 1380 convertentem

169 1441 278 1486 sanem
300 1417 385 1486 illos.
432 1417 481 1484 lli.
512 1421 619 1484 Vestri
648 1439 727 1484 vero
754 1416 840 1483 beati
861 1427 938 1482 sunt
959 1415 1062 1492 oculi,
1087 1416 1155 1502 quia
1172 1409 1226 1474 ride

167 1532 198 1588 et
219 1541 312 1587 aurea
334 1532 469 1601 vestrae,
490 1524 565 1608 quia
586 1519 730 1591 audierat.
773 1521 825 1588 tt.
855 1521 968 1596 Aeaea,
991 1518 1064 1585 dico
1085 1513 1177 1592 vobis,
1194 1533 1224 1595 qu

61 1664 63 1673 ·
168 1624 260 1692 nrulti
283 1624 463 1711 Prophetae
486 1635 518 1690 et
541 1625 618 1688 lusti
642 1621 905 1689 desideraverunt
926 1621 1051 1700 ridere,
1075 1639 1150 1706 quae
1171 1613 1211 1678 rid
1232 1695 1233 1712 ἵ

173 1736 206 1793 et
227 1747 294 1792 nou
312 1727 482 1808 uiderunt.
505 1737 536 1797 et
558 1725 668 1796 audire
690 1747 772 1814 quae
794 1725 923 1805 auditis,
945 1733 1063 1790 etnam
1084 1713 1233 1788 audieruatl

251 1985 391 2056 Marc.
414 1989 472 2056 tv,
517 1987 547 2058 1.
572 1985 616 2056 Et
637 1991 750 2056 iterum
774 1989 880 2076 coepit
902 1985 1021 2054 doecre
1043 1989 1124 2053 iaxta
1143 1999 1220 2052 mare,

166 2103 357 2176 congregata
380 2091 490 2158 estad
521 2115 593 2159 eum
621 2091 714 2159 turba
741 2091 853 2170 rnrrlta,
880 2093 922 2156 ita
950 2101 984 2156 ut
1012 2091 1118 2156 navim
1137 2089 1216 2168 ingres

164 2193 290 2260 sederet
309 2197 341 2258 iu
356 2197 446 2260 mdrl:
469 2206 500 2261 et
522 2208 588 2262 tots
610 2195 706 2261 turba
727 2197 812 2261 iuxta
835 2213 922 2258 mare
943 2195 976 2258 in
998 2204 1082 2258 terra
1104 2183 1214 2254 erati

166 2295 304 2362 docebat
328 2318 384 2363 eos
407 2321 465 2385 per
487 2299 659 2390 parabolas
682 2297 791 2376 multa,
812 2307 842 2363 et
865 2296 991 2362 dicebat
1014 2295 1079 2360 illis
1101 2297 1131 2358 im
1150 2283 1225 2354 doctri

164 2419 238 2464 sua:
271 2397 302 2462 3.
328 2398 452 2480 Audite,
475 2424 550 2467 ecee
572 2403 667 2466 exivit
689 2403 862 2466 sermimator
884 2399 924 2463 ad
946 2393 1167 2462 serninandurn.
1195 2389 1214 2450 l·

164 2499 279 2569 accidit
304 2503 388 2570 iuter
414 2487 649 2583 seruluabdmu,
677 2502 766 2570 alind
793 2502 923 2590 quidem
951 2499 1070 2566 cecidit
1095 2515 1176 2564 seem
1192 2492 1212 2552 vi

163 2614 383 2690 veneruntque
409 2604 561 2674 volucres
590 2605 688 2686 coeli,
716 2614 748 2672 et
775 2603 984 2673 conrederuut
1009 2601 1101 2670 illud.
1140 2597 1166 2664 5.
1187 2592 1223 2659 ati

162 2726 241 2772 vero
269 2705 393 2804 cecidit
415 2730 511 2796 cupies
540 2720 685 2798 petrosa,
713 2705 771 2776 ubi
798 2730 865 2774 noa
893 2705 1004 2774 babuit
1027 2716 1137 2773 terram
1155 2695 1225 2766 nralta

163 2817 194 2877 ct
215 2811 319 2877 statim
342 2820 486 2876 exortum
513 2823 575 2891 eet,
603 2809 695 2900 quod
720 2831 787 2878 non
813 2807 945 2878 baberet
966 2807 1158 2877 altitudinem
1176 2813 1211 2868 ter

160 2907 192 2977 6.
214 2909 293 2976 Sole
317 2921 421 2978 autem
445 2901 574 2992 exorto„
594 2924 684 2982 aestu
706 2913 853 2980 allectum
877 2924 938 2992 est,
961 2923 992 2978 et
1014 2915 1090 3002 quia
1112 2929 1169 2978 nou
1187 2905 1200 2966 l

159 3009 216 3077 bat
238 3011 393 3093 radicem,
424 3018 557 3086 exaruit.
602 3018 631 3084 7.
659 3017 701 3084 El
728 3015 815 3083 aliud
838 3015 953 3084 cecidit
969 3017 1009 3082 in
1032 3019 1148 3106 spinas,
1167 3017 1191 3074 rt

160 3127 277 3186 verunt
299 3120 423 3206 apinae,
451 3141 488 3188 ac
510 3117 752 3186 suffocaverunt
773 3119 869 3200 illud,
898 3131 928 3184 et
951 3118 1088 3186 lructnur
1109 3136 1168 3182 aon
1185 3107 1214 3174 de

158 3217 190 3283 8.
213 3217 256 3286 Et
277 3219 365 3288 aliud
388 3221 503 3290 cecidit
524 3225 558 3290 iu
580 3234 695 3290 terram
717 3222 851 3302 boumn,
873 3233 905 3290 et
927 3221 1015 3290 dedit
1037 3224 1163 3288 tractum
1182 3233 1210 3276 0¹¹

158 3331 280 3408 gentem
305 3334 400 3410 atquc
422 3336 636 3404 crescentem,
653 3336 693 3392 -et
721 3324 826 3392 attulit
848 3347 946 3392 uuam
967 3327 1114 3412 triginta,
1138 3330 1164 3384 et
1183 3331 1227 3379 ant

157 3427 333 3514 sexaginta,
361 3436 391 3492 et
414 3450 512 3494 uuurm
534 3439 670 3494 centum.
714 3429 745 3497 9.
775 3430 826 3494 Ac
847 3427 975 3501 dicebat
1000 3429 1080 3508 iltis,
1108 3425 1167 3510 Qui
1185 3413 1226 3482 lab

155 3546 249 3592 aures
273 3526 313 3591 ad
337 3528 539 3611 audiendum,
562 3531 680 3598 audiat.
710 3567 750 3582 -
796 3531 846 3596 10.
874 3529 984 3617 Quota
1006 3543 1109 3600 autem
1130 3522 1226 3608 onerist

154 3648 225 3694 esse
247 3626 346 3710 solus,
370 3632 648 3722 interrogaverunt
668 3654 752 3712 eunt,
774 3635 831 3720 qrri
855 3636 976 3700 circum
998 3633 1087 3700 illum
1107 3637 1183 3696 erarrt
1199 3641 1226 3683 m

154 3726 339 3812 duodecim,
368 3733 410 3800 de
438 3735 604 3824 parabola.
655 3737 705 3800 11.
735 3736 777 3800 Et
805 3733 933 3802 dicebat
959 3741 1024 3818 eis,
1051 3733 1151 3802 Vobis
1169 3727 1224 3792 data

152 3843 214 3912 est,
243 3855 342 3902 norae
365 3843 549 3924 mysterium
571 3840 661 3926 regui
682 3838 765 3904 Dei:
795 3837 859 3904 illis
882 3851 1000 3920 autera,
1026 3841 1081 3928 qui
1102 3836 1171 3902 loris
1188 3843 1230 3892 ⁸⁰¹1

152 3956 209 4020 per
229 3935 401 4024 parabolas
422 3945 530 4008 omnia
552 3937 648 4006 linat:
693 3941 742 4006 12.
771 3941 816 4008 Ut
836 3940 981 4010 videntes
1002 3941 1140 4020 videaut,
1158 3943 1183 4000 et
1198 3945 1228 3994 ¹1⁰

150 4050 295 4118 cernant,
322 4052 353 4108 et
375 4043 541 4116 audientes
563 4042 706 4124 audiant,
735 4053 765 4110 et
787 4065 855 4112 nou
876 4044 1067 4134 intelligant,
1088 4063 1127 4110 ue
1146 4053 1211 4124 q1¹³¹¹

151 4154 388 4223 convertantur,
412 4137 443 4210 et
465 4148 663 4214 remittantur
684 4148 731 4212 eis
752 4157 892 4233 peccata.
936 4149 1041 4212 Paula
1057 4153 1135 4232 post.
1162 4137 1203 4204 ll·

150 4238 277 4312 dicebat
303 4245 381 4324 illis,
416 4249 545 4327 tidem,
573 4248 651 4338 quid
673 4247 823 4317 audiatis:
857 4272 920 4338 qua
946 4271 1090 4318 meruero
1115 4237 1224 4312 aretiam
