2596 4840
174 285 214 351 36
620 267 676 333 10.
697 264 867 334 cstvrm

253 425 298 487 IN
316 417 480 484 NOMINE
496 409 664 490 DOMINI,
685 409 808 472 AbeN.
848 411 914 494 Ego
932 404 1061 471 loannes
1079 403 1226 478 Calvinus,
1242 401 1275 460 mi

178 505 273 568 nister
292 500 374 565 verbi
394 499 452 557 Dei
469 497 500 556 in
521 491 644 554 ecclesia
665 489 846 564 (lenovensi,
868 487 952 549 variis
972 483 1084 545 morbis
1103 497 1275 562 oppressura

178 579 315 656 afflictus,
334 587 368 636 ut
387 567 473 635 facile
494 573 622 631 animum
641 567 787 640 inducam,
808 566 971 624 Dominum
982 564 1079 620 Deum
1099 558 1232 626 statuisse,
1248 569 1275 610 m

176 656 353 739 propediem
380 671 413 710 ex
438 650 495 709 hoc
514 648 626 707 inundo
648 642 789 716 educere,
817 641 956 702 constitui
981 639 1079 697 facere
1105 630 1197 692 inerim
1215 641 1275 688 testa

176 743 325 805 mentum,
349 743 503 805 meamque
522 723 654 782 ultimam
674 718 855 779 voluntatem
875 717 967 776 literis
987 712 1141 784 mandare,
1160 724 1191 766 ea
1209 706 1274 764 form

177 829 253 892 quae
272 805 468 884 subsequitur.
514 801 646 860 Primum
667 797 799 856 omnium
824 794 932 930 gratias
958 811 1014 874 ago
1035 789 1120 861 Deo,
1151 783 1225 864 quod
1242 793 1275 839 int

176 887 323 956 misertus,
364 900 430 938 uem
450 887 564 938 crearet
584 885 614 933 et
633 874 664 931 in
685 871 741 932 boc
754 893 822 930 mun
846 893 864 931 o
886 869 1058 942 collocaret,
1078 860 1237 922 nouaclum
1252 877 1275 912 m

178 977 195 1022 e
215 958 370 1040 profundis
390 953 574 1014 idololatriae
592 948 742 1021 tenebris,
764 948 795 1007 in
816 969 886 1027 quas
907 947 1055 1006 demersos
1076 957 1170 1010 eram,
1189 931 1275 1012 eripuit

179 1056 267 1118 quem
287 1035 319 1093 in
338 1031 492 1113 Evangelii
511 1029 556 1090 sui
575 1028 672 1086 lucem
691 1025 860 1098 adduceret,
880 1035 910 1082 et
930 1022 1082 1082 doctrinae
1101 1013 1196 1076 salutis
1214 1005 1275 1090 parti

182 1114 276 1204 cipeiu
303 1109 429 1181 faceret,
460 1127 516 1186 qua
542 1123 620 1164 eram
640 1101 869 1236 indignissimus:
902 1116 1000 1179 neque
1020 1095 1114 1156 solum
1133 1107 1186 1226 pro
1206 1085 1275 1144 eadsi

178 1185 379 1250 misericordia
399 1195 429 1244 et
449 1181 632 1263 benignitate
658 1199 705 1236 niu
720 1190 747 1238 ta
771 1196 837 1237 inea
856 1176 924 1237 vitia
945 1187 976 1234 et
995 1181 1114 1254 peecata
1154 1165 1275 1243 enignet

180 1265 344 1328 clementer
370 1259 525 1334 tolerarit,
549 1277 604 1348 pro
631 1253 736 1334 quibus
760 1265 860 1313 tamen
886 1250 1023 1310 merebar
1047 1246 1084 1307 ab
1111 1243 1162 1302 illo
1185 1237 1275 1326 reiicit

180 1338 377 1410 exterminari,
396 1355 498 1396 verum
518 1345 605 1393 etiam
625 1342 705 1390 tenta
718 1351 751 1390 er
772 1352 787 1392 a
806 1350 855 1388 ine
875 1327 1030 1389 clementia
1045 1337 1076 1383 et
1090 1313 1275 1380 mansuetuda

182 1429 227 1480 cst
245 1436 324 1488 usus,
343 1425 378 1489 ut
396 1431 488 1492 opera
507 1429 572 1469 mea
592 1409 621 1468 di
644 1419 728 1468 natus
748 1419 785 1468 sit
804 1407 847 1465 uti
867 1407 897 1466 in
917 1397 1111 1485 praedicanda
1131 1407 1161 1454 ct
1177 1385 1275 1474 promul

181 1491 279 1576 ganda
297 1491 420 1553 veritate
439 1488 484 1548 sui
505 1427 668 1566 Evangelii:
694 1495 847 1562 testorque
867 1501 901 1542 ac
941 1480 1080 1549 rofiteor,
1104 1469 1173 1532 milii
1197 1483 1251 1525 esse
1266 1461 1275 1519 l

183 1568 299 1642 auimo,
319 1565 399 1645 quod
419 1564 564 1642 reliquum
586 1573 630 1621 est
649 1562 724 1620 ritae
744 1561 773 1619 in
795 1559 895 1636 eadem
915 1501 974 1616 lde
995 1565 1026 1614 et
1043 1551 1184 1632 religione
1203 1535 1275 1600 transl

181 1662 265 1729 gere,
284 1663 370 1723 quain
389 1639 460 1699 inibi
480 1659 535 1720 per
549 1635 741 1718 Evangeliom
761 1655 845 1696 sunm
864 1633 994 1706 tradidit,
1013 1647 1111 1708 neque
1130 1621 1203 1683 aliud
1222 1631 1275 1698 prat

182 1721 289 1784 sidium
308 1729 359 1778 aut
381 1717 549 1797 perfugium
573 1714 672 1775 salutis
697 1713 822 1787 babere,
846 1731 932 1792 quam
958 1707 1113 1791 gratuitam
1132 1699 1217 1780 ipsius
1234 1691 1275 1750 add

183 1799 334 1882 ptionem,
366 1814 422 1872 qua
446 1813 505 1852 una
529 1791 604 1852 salus
629 1808 694 1850 mea
714 1789 834 1862 nititur,
867 1809 901 1847 ac
918 1798 986 1846 toto
1012 1793 1134 1866 pectore
1152 1770 1275 1852 amplecto

184 1869 425 1944 misericordiam,
444 1889 500 1946 qua
515 1875 638 1947 propter
652 1866 748 1926 lesuin
761 1865 912 1926 Christum
925 1883 995 1944 erga
1014 1877 1062 1918 iiie
1075 1869 1118 1916 est
1134 1871 1207 1922 osus,
1225 1857 1275 1905 cont

207 1969 311 2009 ensans
336 1967 399 2006 mea
425 1946 546 2004 crimina
574 1963 638 2003 cuin
663 1943 770 2001 merito
795 1943 897 2000 mortis
922 1951 953 1999 et
1003 1931 1121 1998 essionis
1143 1925 1240 2008 ipsius,
1265 1919 1275 1974 l

183 1971 238 2087 bac
258 2023 373 2084 rationo
393 2041 449 2102 pro
463 2018 634 2085 criminibus
647 2031 678 2078 et
690 2017 802 2078 delictis
815 2018 887 2076 meis
897 1961 1034 2075 omnibus
1047 2006 1173 2080 satisfiat,
1192 2007 1275 2074 eorum

207 2119 244 2161 uc
263 2100 407 2158 memoria
427 2096 567 2156 deleatur.
611 2095 722 2155 Testor
740 2095 828 2152 etiam
848 2115 884 2153 ac
901 2093 1061 2172 profiteor,
1080 2103 1127 2144 me
1145 2072 1275 2160 suppliciis

185 2199 202 2238 a
245 2195 282 2237 eo
328 2185 426 2244 etcre,
456 2184 490 2231 ut
520 2172 560 2231 ita
590 2191 638 2230 me
669 2170 800 2231 ablutum
831 2179 861 2228 et
883 2169 1057 2228 mundatum
1081 2159 1152 2222 velit
1173 2151 1275 2242 sangui

182 2252 288 2316 summi
308 2251 384 2311 illius
403 2247 609 2384 Redemptoris
629 2247 725 2308 effuso
749 2267 805 2326 pro
824 2243 943 2304 humani
969 2241 1088 2327 generis
1112 2243 1243 2373 peccatis,
1267 2223 1275 2278 l

184 2329 257 2390 riiibi
277 2327 366 2388 liccat
384 2325 461 2407 apud
479 2325 518 2385 tri
542 2322 609 2384 uiial
628 2325 717 2405 ipsius
735 2323 900 2384 consistere
918 2320 972 2380 tub
1000 2319 1089 2400 ipsius
1140 2299 1275 2384 edemptod

184 2404 320 2486 imagine.
358 2403 434 2462 Item
455 2401 609 2482 profiteor,
628 2419 675 2459 me
694 2397 797 2462 sedulo
817 2418 873 2480 pro
892 2397 982 2457 modo
1006 2395 1116 2480 gratiae
1132 2399 1162 2448 et
1179 2379 1271 2458 benign

125 2536 131 2548 .
187 2481 268 2551 tatis,
288 2499 343 2559 qua
355 2477 437 2538 Deus
457 2497 527 2559 erga
546 2497 593 2536 me
613 2499 680 2536 usus
700 2489 755 2552 est,
777 2493 898 2555 operam
918 2474 1045 2548 dedisse,
1064 2480 1097 2530 ut
1116 2483 1177 2527 cum
1195 2459 1223 2517 in
1235 2463 1275 2513 col

186 2555 334 2634 tionibus,
353 2567 415 2613 tuin
435 2555 521 2612 etiam
542 2555 572 2611 in
591 2553 705 2634 scriptis
726 2562 757 2610 et
776 2551 994 2611 commentariis
1011 2566 1088 2644 pure
1100 2553 1137 2601 â€˜et
1155 2545 1225 2598 caste
1242 2533 1275 2606 vel

185 2633 256 2694 bum
277 2631 365 2710 ipsius
385 2630 598 2708 praedicarem,
623 2642 653 2688 ct
679 2626 806 2687 fideliter
825 2628 942 2687 Sacram
963 2627 1053 2718 ipsias
1072 2620 1241 2697 Scriptorum
1258 2604 1275 2662 il

185 2717 375 2787 terpretarcr.
416 2705 525 2764 Testor
545 2705 632 2764 etiam
658 2723 690 2764 ac
714 2704 874 2783 profiteor,
897 2721 945 2762 me
970 2725 1001 2762 in
1028 2687 1275 2762 contentionibust

186 2780 434 2862 disputationibus
446 2781 592 2852 omnibus,
613 2799 688 2859 quae
698 2779 768 2838 mibi
782 2799 847 2838 cuin
859 2777 992 2840 bostibus
1006 2771 1154 2856 Evangelii
1165 2755 1275 2824 habendi

186 2859 324 2932 fuerunt,
352 2855 439 2916 nullis
460 2856 637 2938 praestigiis,
662 2855 748 2916 nullis
768 2856 848 2916 malis
871 2845 982 2916 artibus
1004 2867 1034 2914 et
1053 2845 1209 2932 sophisticis
1226 2839 1275 2916 usu

188 2954 262 3010 esse,
281 2934 332 2995 sed
344 2933 467 2993 candide
486 2955 519 2993 ac
538 2933 654 2992 sincere
672 2933 703 2993 in
715 2933 839 2992 veritate
858 2930 1072 3014 propugnanda
1085 2932 1222 2986 versatum
1237 2921 1275 2968 ets*

188 3013 319 3083 Verum,
349 3008 396 3069 bei
415 3009 502 3084 mibi,
531 3009 658 3069 studium
682 3008 753 3069 illud
778 3027 875 3067 meum
900 3021 931 3066 et
956 3008 1036 3068 aelus
1062 3005 1100 3084 (si
1120 3001 1174 3060 lioc
1193 2984 1275 3052 nomin

189 3087 295 3169 dignus
316 3085 374 3162 cst)
394 3085 468 3146 adeo
489 3085 625 3145 remissus
645 3097 676 3145 et
695 3085 848 3166 languidus
868 3085 940 3156 suit,
966 3096 1000 3143 ut
1020 3085 1169 3142 innumera
1188 3064 1275 3140 miliia

187 3181 403 3252 munusmeum
423 3161 571 3241 praeclare
591 3161 773 3242 fungendum
785 3159 909 3220 defuisse
922 3159 1021 3232 fatear,
1042 3179 1086 3233 ac,
1105 3151 1159 3215 nisi
1177 3147 1275 3206 imment

187 3239 247 3300 Ilei
268 3239 433 3319 benignitas
453 3237 524 3296 mibi
549 3236 694 3312 affuisset,
724 3248 819 3296 totum
848 3237 920 3295 illud
952 3237 1080 3298 studium
1109 3245 1202 3290 meum
1225 3220 1275 3276 inan

189 3327 279 3450 atgue
303 3312 455 3404 evanidam
481 3312 612 3372 futurum
638 3313 741 3386 lbisse,
794 3313 843 3371 uin
868 3315 957 3373 etiam
989 3303 1139 3394 agnosco,
1165 3299 1217 3360 nisi
1239 3281 1275 3380 ml

188 3411 223 3454 ea
245 3409 291 3448 em
311 3389 476 3479 benignitas
495 3388 641 3464 affuisset,
671 3390 760 3449 animi
773 3333 880 3462 liona,
909 3409 984 3482 quac
1008 3388 1079 3448 mibi
1097 3385 1176 3444 Deus
1196 3375 1275 3450 largÂ¹ll

189 3478 244 3541 est,
263 3485 354 3546 inagis
374 3485 408 3526 ac
428 3466 519 3555 magis
538 3486 586 3526 me
603 3465 706 3545 culpae
726 3477 814 3545 atque
834 3465 965 3548 ignaviae
985 3485 1067 3524 reum
1088 3457 1162 3542 apud
1182 3453 1237 3511 eius
1253 3449 1275 3499 tr

188 3541 280 3632 bpoal
300 3551 453 3620 peracturi
473 3545 576 3602 fuisse:
598 3540 718 3620 quasob
740 3561 786 3602 res
805 3554 900 3602 testor
918 3563 951 3602 ac
971 3541 1126 3622 profiteor,
1146 3521 1275 3604 nullumil

188 3615 267 3680 aliud
286 3616 462 3708 praesidium
481 3617 582 3678 salutis
601 3637 730 3697 sperare,
750 3620 805 3680 nisi
824 3619 881 3678 boc
900 3629 1007 3691 unuin,
1029 3615 1109 3696 quod
1128 3627 1213 3691 quum
1231 3599 1275 3657 â°â°Â¹

187 3704 272 3774 pater
301 3693 519 3754 misericordiae
547 3693 584 3754 sit
612 3713 679 3756 sese
700 3695 788 3769 mibi,
838 3696 869 3753 ui
900 3715 947 3754 me
971 3697 1108 3754 miserum
1133 3659 1275 3806 peccatore*

181 3779 461 3860 agnosco,Î‡patrem
483 3770 628 3830 ostendat
679 3772 772 3846 Quod
790 3715 936 3850 reliquum
954 3781 1012 3844 est,
1047 3767 1114 3829 uolo
1135 3771 1200 3844 post
1216 3767 1272 3812 Â¹Â¹Â¹2ss

188 3865 224 3906 ea
243 3844 296 3906 liae
316 3845 571 3935 vitandiscessum,
602 3867 710 3927 corpus
736 3867 832 3906 meum
856 3859 952 3908 terrae
976 3844 1107 3906 mandari
1134 3845 1170 3900 eo
1196 3829 1275 3894 ritul

187 3921 364 4011 Â³Â¹â°4&un
384 3941 413 3980 in
430 3920 489 4010 Â¹bae
508 3923 631 3984 ecclesia
651 3936 683 3982 ct
701 3921 817 3984 civitate
835 3924 961 3984 usitatus
978 3935 1038 3995 est,
1059 3921 1128 3980 dum
1147 3915 1243 3974 bertae
1259 3911 1275 3958 rt

186 4009 378 4088 surrectionis
409 3995 470 4056 dies
494 3998 637 4060 adveniat.
686 4000 837 4074 Quantum
861 4000 897 4060 ad
921 4011 1024 4059 tenure
1051 3995 1213 4060 simtu,
1242 3975 1275 4056 qul

187 4072 351 4134 mibiDcus
370 4071 489 4154 largitus
509 4085 563 4148 est,
583 4076 619 4134 dc
640 4097 699 4154 quo
720 4077 752 4135 iii
773 4075 830 4136 boc
849 4087 1024 4136 testamento
1045 4075 1199 4152 disponere
1216 4055 1275 4140 stati

187 4147 295 4240 barresÎ‡
315 4167 397 4210 meus
418 4160 482 4210 esto
502 4149 650 4212 Antonius
671 4151 826 4224 Calvinus,
853 4151 942 4212 frater
962 4171 1043 4210 meus
1060 4143 1235 4208 carissimus,
1256 4141 1275 4194 st

186 4223 309 4286 honoris
329 4245 413 4286 causa
433 4227 582 4288 duntaxat:
608 4228 830 4307 praecipitoque
858 4249 891 4286 ac
915 4227 971 4288 sibi
992 4225 1100 4288 habeto
1119 4231 1241 4301 pateram
1260 4197 1275 4292 tl

184 4311 337 4381 genteam,
357 4321 432 4394 ques
451 4301 522 4362 milii
541 4322 558 4361 a
579 4304 728 4364 Varanoio
750 4301 831 4364 dono
852 4303 917 4364 data
938 4315 998 4377 est,
1025 4320 1083 4381 qua
1102 4317 1169 4358 eom
1188 4295 1275 4350 conte!

183 4387 247 4438 tum
259 4397 322 4442 esse
338 4399 436 4459 cupio.
466 4379 540 4442 Nam
557 4399 749 4460 quaecunque
769 4379 800 4441 in
822 4379 1001 4442 haereditate
1020 4397 1085 4441 mea
1103 4371 1211 4452 reliqua
1229 4367 1275 4424 sud
