2536 4848
406 195 539 260 oraturo
559 209 595 258 ιιι
615 207 742 259 nonus.
1082 203 1142 272 m

32 413 42 426 ι
93 335 226 400 Incertum
251 347 310 432 est,
335 337 466 403 temelne
491 359 529 401 an
554 340 600 403 bis
625 340 701 403 bane
725 338 831 403 orandi
851 337 979 434 formam
999 338 1143 410 cudatus·

15 413 154 494 descipulis
171 415 329 476 tradiderat
368 414 554 490 Quibusdam
573 418 633 480 hoc
651 418 812 479 secundnm
830 418 948 480 vedetur
956 419 1133 559 maqispm-

13 489 109 552 babile
146 491 207 572 quia
225 493 319 556 Lucas
344 503 482 576 rogatum
506 494 595 555 luisse
621 494 708 571 dicit,
731 493 897 556 Matthaeue
918 513 991 558 vero
1016 516 1049 558 ru
1071 500 1133 562 ucit

11 565 90 628 ultro
108 533 262 659 docentem.
303 565 382 660 Quia
402 580 498 661 tqmen
518 569 650 645 diximus,
662 569 843 633 ldattbaeum
856 573 1021 662 praecipua
1039 593 1132 654 quae·

13 663 67 721 qne
88 642 227 705 doctrinae
246 656 342 726 caprta
362 644 520 728 collugere,
544 657 578 707 ut
601 645 704 708 melius
728 667 763 708 er
782 659 923 709 continua
941 649 1018 710 serie
1036 659 1131 714 totam

10 741 139 780 summam
157 741 221 800 pere
244 721 335 782 iciant
352 719 490 799 lectores,
509 722 574 784 fieri
593 733 693 804 potest
710 735 745 786 ut
756 721 920 786 Matthaeus
940 725 1128 790 occarioneur

12 815 92 872 qnam
113 797 204 888 relect
221 743 315 860 lucas
343 798 488 875 omiserit,
519 819 683 880 quanquam
714 799 769 862 bac
795 799 833 862 de
857 819 890 862 rc
914 819 982 862 cum
1006 802 1128 864 nemine

9 873 446 1042 nrgqqqecqequmulpm
457 947 727 1044 doeptiefflscipelpe.
747 951 1133 1046 Quodloapneaprivatam

11 1023 105 1082 oranda
122 1023 243 1087 formam
262 1027 382 1088 tradrdtt
406 1027 466 1091 mis
491 1025 658 1108 drtcrpulta,
682 1029 712 1088 rd
740 1028 843 1090 lecitte
868 1030 1017 1106 crocino,
1036 1043 1127 1113 prout

10 1101 136 1186 temporis
157 1103 234 1164 ratio
262 1101 386 1165 ferebat.
430 1103 488 1164 lies
513 1115 585 1164 tunc
610 1101 695 1165 valde
719 1105 797 1242 apud
820 1104 946 1166 Iudaeos
971 1119 1126 1188 corruptor

11 1173 86 1234 inme
109 1187 209 1239 uotum
228 1189 287 1240 est:
316 1189 382 1241 tota
406 1191 488 1242 certe
505 1177 614 1262 religio
639 1181 681 1244 eie
704 1180 833 1261 colapsa
856 1192 935 1257 crat,
958 1194 993 1244 ut
1015 1183 1125 1246 mirum

11 1271 61 1310 non
79 1252 125 1326 eit,
151 1255 294 1336 precandi
324 1275 439 1316 morem
464 1275 480 1316 a
510 1255 610 1338 ptucit
633 1257 691 1318 rite
721 1256 833 1318 cultum
860 1255 958 1319 iubeo.
996 1257 1123 1322 Rursum

10 1347 87 1416 quum
109 1329 231 1392 instaret
254 1333 398 1413 promissa
421 1332 604 1424 redemptio,
629 1329 759 1394 bdelium
777 1345 892 1396 menter
916 1335 1065 1414 precando
1085 1334 1122 1397 ad

9 1422 64 1538 ἓιιιιο
77 1426 152 1542 {lem
171 1419 203 1542 cp
223 1407 401 1499 desiderium
420 1408 540 1544 ealciitarr
559 1409 708 1546 oportnqq..
738 1408 867 1474 Ioannes
889 1427 964 1546 pugo
984 1429 1019 1472 er
1035 1412 1124 1550 oppila

9 1501 81 1634 qqpp
89 1496 423 1643 teldporl’cddngddlaaddl,
436 1503 998 1644 :chidpiddrddodddreetmadoddirr'ctedsle
1039 1499 1123 1628 arilli

8 1634 230 1778 “illidi
249 1635 688 1776 ‘'dd'“fi‘tttttt‘lsn
749 1715 882 1777 anas.
1017 1719 1109 1780 aaut

9 1777 91 1847 diu'rae:
111 1757 278 1870 quanquam
302 1733 476 1852 noqrgiqbss
495 1754 630 1852 ctrir'tns
649 1735 894 1873 auoffionceptid
907 1735 1004 1854 m
1023 1759 1121 1871 orare:

10 1859 46 1919 md
62 1875 171 1927 tantum
191 1866 334 1943 ostendit,
353 1886 496 1948 quorsum
514 1878 583 1928 vota
601 1867 874 1960 omniaprccerque
888 1869 995 1930 referri
1010 1868 1120 1932 deceat.

9 1933 51 1996 Ser
68 1959 97 1999 rr
117 1961 136 2002 o
155 1941 351 2022 petitionibus
372 1941 591 2024 complectitur,
611 1942 749 2024 quicqutd
767 1944 863 2006 allec
883 1958 989 2028 optare
1007 1945 1051 2008 fas
1066 1957 1118 2006 est.

9 2011 86 2092 ltquc
140 2037 157 2078 c
177 2018 313 2080 doctrina
333 2017 403 2078 nibil
424 2018 511 2079 nobie
531 2029 576 2079 eet
593 2019 708 2080 utilius:
727 2040 795 2082 nam
815 2043 905 2100 quum
925 2022 983 2083 boc
1002 2021 1119 2103 praeei-

8 2107 77 2176 puum
94 2095 132 2155 rit
148 2093 270 2186 pietatis
289 2095 469 2170 exercitium,
488 2095 518 2156 io
540 2095 701 2157 formandis
720 2107 818 2158 tamen
838 2097 975 2178 precibus
994 2109 1046 2159 ant
1063 2117 1118 2159 ro·

9 2173 35 2224 lu
49 2170 244 2254 concipiendis
263 2191 364 2232 seusus
384 2190 488 2232 omnes
508 2171 602 2232 nostri
620 2171 770 2233 deliciunt.
808 2172 855 2234 Ita
874 2192 963 2234 nemo
978 2174 1035 2234 rite
1049 2193 1118 2236 ora-

9 2235 47 2316 bit,
63 2247 113 2308 nisi
133 2247 217 2308 cuius
238 2265 272 2308 os
292 2259 322 2308 ct
341 2267 396 2310 cor
414 2247 620 2308 moderabitur
637 2247 774 2310 coelectis
793 2247 943 2331 Magister.
982 2247 1018 2310 In
1039 2248 1118 2310 bunc

9 2313 73 2379 luero
90 2324 199 2384 tradita
220 2333 266 2382 est
279 2321 350 2385 baec
369 2324 488 2407 regula,
511 2323 547 2385 ad
567 2345 653 2404 qoam
673 2343 776 2404 preces
795 2336 909 2386 nostras
928 2323 1044 2407 erigere
1063 2343 1118 2385 ne·

11 2411 67 2455 etue
89 2411 147 2475 ert,
175 2399 199 2460 si
226 2399 370 2482 legitimas
394 2399 509 2462 censeri
532 2400 661 2482 Ileoque
686 2399 808 2480 probari
832 2400 974 2482 cupimus.
1010 2398 1118 2462 Noluit

38 2472 98 2534 'dem
132 2488 168 2537 ut
187 2495 284 2556 nuper
303 2477 412 2536 dictum
433 2481 489 2555 est)
508 2475 709 2556 praescribere
728 2477 820 2538 Filius
837 2475 906 2552 Ilei,
926 2475 1031 2557 quibus
1050 2495 1117 2538 vet·-

9 2481 188 2634 ldutendnm
207 2551 263 2628 sit,
287 2565 322 2613 ut
346 2553 382 2612 eb
403 2571 438 2614 ea
464 2575 552 2635 quam
577 2553 697 2614 dictavit
721 2551 848 2613 lormula
874 2553 1033 2628 deflectere
1052 2572 1115 2613 non

11 2617 83 2702 lutat,
102 2629 157 2690 sed
184 2641 284 2690 tameo
307 2641 376 2690 vota
400 2641 501 2690 nostra
525 2630 568 2690 sic
594 2629 721 2723 dirigere
746 2629 922 2712 irenareque
940 2628 1050 2704 voluit,
1075 2647 1115 2690 ue

11 2711 65 2762 utu
81 2718 174 2766 metas
192 2707 262 2767 istas
281 2704 438 2767 oberrent:
459 2705 537 2767 unde
559 2705 732 2789 colligimus,
752 2727 814 2768 non
833 2705 865 2770 in
883 2705 993 2781 verbis,
1011 2705 1063 2768 aed
1082 2707 1115 2766 in

11 2775 72 2862 rebus
87 2782 156 2861 ipsis
178 2782 275 2844 datam
298 2782 335 2842 ab
355 2801 393 2844 eo
418 2781 506 2843 luisre
532 2783 590 2842 rite
611 2783 750 2864 precandi
770 2784 797 2844 le
820 2803 875 2846 cru.
913 2783 1011 2844 Porro
1032 2781 1114 2863 quod

11 2848 62 2928 lui,
82 2879 127 2918 rer
146 2858 346 2938 petitionibus
370 2871 506 2920 constare
528 2859 604 2920 banc
629 2859 769 2940 precandi
794 2803 936 2936 Haemum,
961 2859 1113 2952 sciendum

11 2941 52 3015 ‘ll’
67 2943 120 2996 tres
139 2935 261 3016 priores
289 2935 457 3027 posthabita
481 2935 577 2996 nostri
599 2936 716 3029 ratione
746 2937 892 3020 respicere
918 2937 950 2996 in
968 2933 1028 2996 Der
1047 2933 1113 3027 glo·

10 3021 72 3084 hm,
95 3023 156 3074 tres
181 3022 279 3072 autern
306 3011 432 3094 reliquas
458 3011 495 3072 ad
519 3031 568 3088 ea,
593 3031 668 3096 quae
686 3035 717 3074 ιιι
736 3011 859 3076 ealutenr
879 3023 1011 3073 nostram
1029 3009 1112 3072 utrlra

10 3093 68 3160 unt,
83 3107 144 3150 etse
166 3089 353 3168 compositae.
390 3091 466 3150 Nam
485 3099 521 3148 ut
538 3087 599 3148 Lea
617 3089 677 3150 Dei
698 3089 809 3151 duabus
828 3086 935 3149 tabulis
956 3085 1112 3168 distingui-

11 3163 52 3246 lyr,
71 3184 190 3242 quarum
210 3165 293 3245 prior
312 3165 431 3246 pietatis
450 3164 547 3226 ollicia
571 3167 723 3240 continet,
748 3164 839 3226 altera
858 3175 955 3224 autern
975 3161 1113 3253 caritatis,

10 3249 35 3292 ur
49 3242 151 3302 orando
165 3241 300 3302 Christus
315 3243 420 3322 partim
433 3239 491 3302 Dei
510 3240 635 3321 gloriam
654 3254 788 3322 spectare
808 3252 837 3300 et
858 3255 999 3318 quaerere
1018 3236 1112 3312 rubet,

10 3314 83 3384 terina
99 3317 187 3380 nobis
207 3317 364 3379 contulere
383 3319 537 3400 permittit.
575 3319 707 3382 Sciamus
727 3337 810 3399 ergo,
830 3327 900 3376 tunc
919 3334 974 3374 nos
994 3311 1112 3404 demuto

10 3385 91 3450 atrio
108 3393 288 3475 precandum
309 3394 375 3455 lore
399 3407 598 3476 comparatos,
627 3395 652 3457 sl
676 3413 738 3454 non
764 3403 879 3454 tantum
905 3390 942 3451 do
967 3387 1111 3482 nobrsuet

10 3469 769 3610 ttttt3¹lltllrtffltt‘lltlttsslstltlt
787 3465 1112 3624 llttlalltltlss

10 3593 201 3760 tator
219 3625 397 3762 ”tert
411 3567 504 3762 ital
517 3623 615 3760 lta
628 3591 1110 3760 eaelaturaatltae

12 3742 448 3936 lltttliltt‘t'tltt
464 3745 743 3933 :llltit‘tnlt
760 3787 794 3912 t:
804 3770 1108 3914 tltttltttll

13 3925 974 4088 lttstzltltltttltgdtltttal0t¹¹13¹tt⁶ttl⁸tlt
991 3923 1109 4090 ,llll

14 4081 37 4127 nt
50 4076 78 4134 ad
94 4093 157 4141 rota
177 4095 277 4143 nostra
297 4082 491 4158 exaudienda,
514 4081 585 4163 quin
611 4080 739 4160 denique
757 4093 864 4162 tpoute
887 4097 1053 4161 propensus
1071 4083 1111 4163 ut

15 4143 37 4202 tl
50 4169 93 4212 uos
108 4157 258 4220 iuvandos.
295 4157 398 4220 Putria
422 4177 532 4222 nomen
557 4157 601 4218 illi
623 4157 780 4219 tribuitur:
809 4175 883 4240 ergo
905 4157 938 4216 in
962 4153 1021 4214 boc
1045 4169 1110 4242 ppt·

15 4217 70 4290 batn
85 4229 136 4292 iam
153 4235 220 4296 ratis
239 4233 362 4296 uberem
381 4234 504 4300 fiduciae
516 4235 665 4296 materiam
675 4232 810 4295 Christus
829 4231 918 4294 nobis
933 4223 1111 4320 reppetitltl,

17 4297 49 4360 'll
62 4310 191 4386 monim
210 4309 328 4378 dimidia
345 4321 459 4377 uatum
479 4331 514 4375 ex
532 4322 617 4397 parte
631 4309 730 4374 iuDei
743 4308 877 4376 bonitate
887 4317 1109 4392 acqurcteunua,
