2524 4856
194 267 376 348 (tta-tet
414 264 498 340 heris
516 263 730 330 Pharisaeorum
746 265 935 348 reprobatio.)
1062 266 1121 332 2³7

27 419 104 496 Quum
122 415 221 484 mribae
242 415 376 480 obstinati
397 437 513 500 prorsus
537 426 632 480 essem
650 415 778 480 uerimtis
802 415 913 496 hostes,
935 415 1001 500 quia
1021 427 1120 502 tyran-

26 497 75 554 nide
89 515 132 556 ma
147 515 300 578 oppressam
318 493 453 556 teuehaut
472 489 638 569 Ecclesiam,
666 504 780 556 coactus
798 493 852 556 init
871 493 999 558 Christus
1019 516 1120 556 eorum

26 569 106 654 lagida
121 571 258 656 detegere:
277 569 331 631 nisi
350 570 425 634 enim
444 570 577 631 abstracti
595 569 630 628 ah
650 590 750 630 eorum
765 571 899 632 seruitute
918 569 1034 632 inissent
1049 569 1120 632 honi

26 645 192 727 etsimplices,
215 645 356 728 praeclusa
375 657 436 706 erat
455 643 609 727 Evangelio
628 643 719 704 ianua.
775 645 840 706 Alia
860 648 944 708 etiam
964 647 1016 708 init
1036 647 1109 708 ratio

25 723 167 860 quitmqslebs
191 722 295 784 licitum
318 720 372 784 sibi
395 741 456 782 esse
481 733 574 802 putat,
603 719 733 812 quicquid
756 743 772 782 a
795 722 851 784 suis
877 723 1036 786 rectoribus
1058 691 1120 785 lieri

24 821 56 858 nu

51 799 57 813 '
110 798 194 874 vertit,
214 799 363 891 legemque
384 796 437 860 sibi
456 795 539 880 fingit
557 819 592 858 ex
610 798 718 858 vrtrosis
736 795 848 859 illorum
866 799 1001 862 moribus.
1045 797 1119 864 Cae·

25 889 93 934 terum
110 896 144 936 ue
160 874 218 956 quis
236 897 266 936 ru
285 875 423 936 diversam
444 885 552 954 partem
571 873 696 934 traheret
714 895 785 954 quae
803 875 928 938 dicturus
948 887 1017 952 erat,
1037 897 1120 958 prae-

23 949 85 1026 latus,
101 949 296 1032 qualescunque
311 951 369 1012 sint
385 950 489 1013 doctor
545 949 661 1010 minime
681 961 776 1011 tamen
794 971 913 1031 aequum
934 973 1001 1030 esse,
1020 951 1067 1014 vel
1085 974 1120 1014 ex

22 1046 97 1087 somna
113 1025 236 1088 sordibus
258 1027 349 1088 labem
370 1026 489 1107 aliquam
538 1025 564 1086 ei
582 1025 674 1086 verbo
692 1026 816 1109 aspergi,
838 1025 883 1090 vel
903 1049 937 1090 ex
976 1027 1049 1092 ravis
1068 1047 1120 1089 eo·

22 1125 67 1162 mm
87 1101 208 1183 exemplis
234 1102 320 1184 arripi
365 1103 479 1164 eccandi
496 1101 647 1163 licentiam.
686 1103 782 1182 Atque
801 1104 871 1165 haec
890 1126 942 1185 pru
964 1105 1038 1166 entia
1056 1102 1121 1166 dili-

22 1190 98 1258 genter
113 1179 230 1240 notanda
250 1193 302 1240 est.
339 1123 470 1259 Plerique
490 1177 579 1252 enim,
598 1177 665 1238 dum
682 1176 739 1239 hoc
757 1201 844 1240 unum
862 1192 983 1261 captant,
1001 1193 1033 1242 ut
1053 1179 1119 1241 odio

21 1267 113 1334 gnreut
135 1267 161 1317 et
182 1255 295 1316 iniamia
317 1253 481 1316 deforment
502 1254 651 1336 improbos
675 1267 705 1316 et
722 1253 887 1332 sceleratos,
912 1256 1120 1319 inconsiderato

21 1351 57 1389 sno
73 1329 127 1392 selo
141 1332 261 1394 miscent
283 1331 378 1392 omnia
402 1341 432 1392 et
458 1329 648 1392 contundunt.
706 1327 907 1392 contemnitur
930 1331 1005 1394 enim
1028 1331 1122 1394 omnis

20 1405 147 1486 diciplina,
174 1407 297 1468 calcatur
321 1407 429 1488 pudor:
464 1407 586 1488 denique
610 1404 701 1466 nullus
723 1418 820 1470 manet
838 1406 949 1471 honesti
967 1421 1122 1490 respectus,

20 1479 61 1540 iun
79 1481 166 1544 multis
188 1483 291 1545 crescit
313 1482 380 1544 inde
403 1481 529 1558 audacia,
560 1483 681 1564 dataque
705 1502 792 1565 opera
810 1481 988 1546 sacerdotum
1007 1499 1121 1567 peccata

20 1557 154 1634 balurum,
177 1571 209 1620 ut
229 1556 343 1619 liberius
362 1557 416 1640 ipsi
434 1559 550 1618 inducto
570 1556 668 1620 colore
690 1570 820 1640 peccent.
878 1559 1006 1622 Christus
1027 1572 1122 1622 autem

19 1633 46 1692 sie
63 1635 193 1696 invehitur
217 1635 247 1696 iu
272 1635 391 1707 scribas,
425 1647 456 1695 ut
480 1635 589 1717 Legem
612 1633 669 1696 Dei
690 1633 766 1715 prius
789 1655 805 1696 a
824 1647 991 1718 contemptu
1010 1647 1121 1697 asserat.

19 1709 77 1770 llaec
93 1711 175 1794 igitur
193 1711 291 1772 eadem
312 1712 404 1772 cautio
423 1709 506 1772 nohis
527 1711 649 1770 tenenda
663 1721 715 1784 est,
734 1711 758 1772 si
769 1711 1001 1793 reprehensiones
1012 1724 1122 1772 nostram

18 1786 123 1864 prodesse
143 1788 280 1878 cupimus.
311 1787 420 1848 Rursus
439 1797 534 1846 tamen
553 1800 652 1848 notare
672 1789 815 1862 convenit,
834 1787 936 1850 nullius
956 1785 1121 1849 offendiculi

18 1875 75 1922 netu
91 1863 252 1924 deterritum
272 1861 357 1924 luisse
377 1859 535 1936 Christum,
564 1862 715 1943 quominus
738 1864 841 1946 impios
866 1865 1012 1940 doctores,
1040 1861 1122 1926 sicuti

17 1936 88 1998 uetiti
112 1952 204 2013 erant,
237 1937 406 2001 traduceret.
454 1939 579 2000 Tantum
604 1937 675 1999 hane
699 1940 922 2002 moderationem
945 1939 1053 2015 tenuit,
1084 1961 1123 2002 ne

16 2029 110 2146 qropter
127 2015 276 2078 hominum
294 2015 398 2096 probra
416 2014 473 2076 Dei
491 2015 621 2076 doctrina
639 2014 793 2078 vilesceret.
832 2017 925 2078 Porro
946 2029 978 2077 ut
995 2015 1122 2092 sciamus,

29 2090 120 2151 eritiis
139 2093 340 2154 concionatum
361 2111 434 2166 esse,
453 2111 512 2153 non
533 2103 563 2152 ut
581 2091 708 2170 personis
727 2091 858 2154 invidiam
877 2105 997 2168 crearet,
1016 2092 1066 2153 sed
1084 2111 1123 2152 ne

16 2171 121 2264 tonuqio
145 2179 277 2250 serperet
299 2165 393 2242 latins,
422 2168 527 2229 diserte
550 2166 681 2248 exprimit
704 2168 816 2228 Marcus
839 2167 867 2229 lo
889 2177 986 2228 nutum
1013 2188 1073 2228 csse
1091 2169 1124 2226 ira

15 2243 134 2306 doctrmo.
162 2243 279 2320 Quibus
296 2243 391 2306 verbis
409 2242 554 2327 significat,
573 2242 678 2303 utiliter
697 2242 855 2306 admonitos
869 2190 960 2304 luisse
979 2243 1123 2304 auditores

16 2331 38 2376 nt
51 2319 95 2380 sihi
112 2331 255 2382 anement
296 2319 466 2400 Quanquam
484 2331 578 2379 antem
597 2317 632 2378 ad
650 2317 801 2400 discipulos
822 2318 932 2380 videtur
950 2318 1123 2400 restringere

14 2393 95 2472 luem,
119 2395 270 2478 probabile
289 2406 385 2456 tamen
407 2407 463 2468 est,
488 2395 702 2456 sermonumad
724 2407 812 2456 totam
832 2395 943 2456 turbam
963 2395 1124 2476 promiscue

15 2469 78 2532 luisse
100 2473 236 2534 habitum.
288 2471 376 2548 Quod
402 2472 486 2532 etiam
506 2469 604 2540 clarius
623 2482 700 2550 patet
719 2491 753 2530 ex
770 2471 928 2548 Matthaeo,
953 2483 983 2532 et
1000 2491 1047 2532 res
1064 2470 1124 2550 ipsa

11 2548 131 2628 poscebat,
150 2562 182 2610 nt
202 2551 234 2610 in
253 2567 360 2630 genere
380 2567 479 2611 omnes
498 2548 654 2630 respiceret
674 2545 811 2610 Christus.

69 2629 94 2688 2
130 2628 168 2686 Iu
187 2625 335 2686 cathedra
354 2626 454 2684 ,llosia
482 2625 548 2684 Non
569 2636 676 2684 temere
694 2623 770 2702 quod
788 2621 844 2683 alio
863 2619 929 2683 loco
949 2619 1050 2683 recitat
1064 2619 1124 2681 Lu-

12 2719 45 2760 tas
60 2699 109 2764 hue
126 2702 255 2765 inserere
276 2700 366 2762 uisum
386 2711 437 2762 est.
480 2701 681 2780 Praeterquam
701 2699 775 2760 enim
795 2698 871 2780 quod
890 2697 988 2759 eadem
1008 2709 1051 2760 est
1071 2697 1124 2758 do-

10 2777 95 2853 ctrina,
122 2800 184 2842 uon
208 2777 308 2840 dubito
332 2776 398 2856 quin
419 2777 524 2851 Lucas,
543 2787 694 2856 postquam
712 2775 833 2849 dixerat,
851 2795 949 2836 severe
969 2786 999 2836 et
1017 2771 1126 2835 duriter

9 2853 95 2916 scribas
113 2866 266 2937 correptos
286 2853 369 2915 luisse
387 2873 404 2912 a
423 2852 562 2926 Domino,
586 2849 722 2912 addiderit
741 2851 825 2913 etiam
844 2850 908 2912 alias
926 2849 1124 2946 reprehensio-

10 2947 59 3002 uts,
79 2953 144 3012 quas
165 2931 328 2992 Matthaeus
346 2927 376 2988 iu
395 2949 449 3010 pro
471 2928 542 2988 rium
561 2927 654 2989 locum
674 2926 789 2992 distulit.
841 2927 901 2988 Iam
923 2947 997 2988 enam
1015 2925 1124 3008 saepius

9 3005 108 3070 vidimus
119 3005 326 3091 Evangelistas,
345 3017 431 3086 prout
450 2947 561 3065 larebat
579 3003 700 3078 occasio,
719 3003 843 3066 diversos
856 3003 959 3065 Christi
979 3023 1125 3064 serrnones

9 3101 179 3146 toacumsse.
228 3085 320 3144 Porro
365 3080 408 3140 uia
425 3080 537 3161 plenior
558 3081 632 3160 apud
650 3079 822 3142 blattbaeum
841 3079 978 3140 sententia
998 3077 1125 3152 babetur,

9 3156 52 3220 tius
73 3160 157 3222 rerba
182 3158 280 3240 potius
304 3178 355 3238 esp
368 3157 464 3218 'canda
485 3177 602 3217 sumam.
661 3157 799 3216 Hortatur
820 3154 959 3214 Dominus
982 3152 1076 3213 fideles
1095 3151 1125 3211 in

9 3253 109 3312 unna,
128 3258 219 3318 quum
239 3233 358 3315 pessime
379 3231 614 3309 cirumscribens,
638 3252 676 3292 ne
694 3232 729 3291 ad
747 3249 894 3311 perversos
913 3249 1012 3290 eornm
1031 3247 1126 3288 mores

9 3307 76 3372 altam
94 3335 174 3374 suam
195 3311 321 3382 flectant,
340 3309 389 3370 sed
408 3309 502 3390 potius
521 3307 648 3370 forment
665 3309 700 3368 ad
710 3306 796 3390 Legis
815 3325 847 3366 re
973 3323 1126 3393 quaman-

9 3385 71 3448 liuut
93 3411 128 3452 ex
149 3409 207 3450 ore
231 3387 394 3448 scribarum.
452 3387 576 3446 Necesse
604 3383 680 3446 enim
704 3383 824 3444 habehat
865 3392 897 3442 ut
915 3402 953 3440 nu
976 3401 1007 3442 er
1025 3377 1125 3460 attigi)

9 3461 327 3542 reprehendere-mutus
354 3464 382 3520 in
411 3459 463 3522 illia
488 3459 675 3538 corruptelas,
703 3481 739 3520 ne
760 3470 851 3520 totum
872 3401 1007 3538 popnilua
1025 3454 1126 3515 inlace-

9 3551 62 3599 ιιι.
100 3543 185 3626 Ergo
208 3559 247 3600 ne
266 3539 392 3620 ipsorum
411 3536 524 3620 flagitiis
542 3534 725 3596 labefactetur
744 3534 888 3608 doctrina,
907 3533 985 3594 cuius
1005 3528 1126 3593 ministri

9 3630 72 3676 nant
88 3639 121 3679 ae
143 3635 311 3699 praecones,
333 3611 427 3676 fideles
446 3615 480 3674 ad
498 3612 609 3674 illorum
630 3611 716 3674 uerba
734 3621 857 3672 attentos
876 3630 936 3670 esse
957 3607 1045 3684 iubet,
1063 3627 1126 3668 non

9 3703 82 3754 tutem
100 3695 136 3754 ad
158 3711 261 3776 opera:
284 3690 340 3752 acsi
359 3689 488 3764 dixisset,
505 3709 566 3750 nou
586 3710 645 3749 esse
664 3709 788 3765 causam,
810 3707 861 3748 cnr
880 3684 935 3746 Dei
954 3683 1024 3746 filios
1043 3704 1060 3744 a
1079 3703 1126 3742 re·

9 3777 38 3828 te
61 3771 189 3834 virendo
215 3765 283 3828 mala
306 3767 457 3828 Pastorum
481 3763 606 3845 exempla
628 3763 787 3844 impediant.
826 3761 988 3824 Scribarum
1009 3757 1127 3822 nomine

9 3841 120 3910 lectores
140 3843 190 3908 uel
210 3843 294 3926 Legis
312 3843 482 3922 interpretes
501 3841 594 3901 notari
612 3839 677 3902 satis
697 3838 842 3914 conuenit,
860 3837 944 3919 idque
964 3835 1055 3918 phrasi
1074 3834 1126 3894 he-

9 3921 90 4000 uaiea,
110 3923 230 3986 eusdem
250 3919 322 4002 apud
341 3918 445 3980 Lucam
466 3915 560 3978 vocari
576 3914 662 3996 Legis
680 3914 787 3994 peritos
806 3925 913 3976 eertum
933 3923 982 3974 est.
1032 3911 1126 3999 Pern-

9 3995 92 4060 irriter
111 4013 210 4060 autem
229 3995 407 4070 Pharisaeos,
429 3993 478 4075 qui
497 4003 577 4055 erant
595 4013 629 4054 ex
648 3991 801 4052 scribarum
827 4009 963 4061 numero,
990 3997 1126 4076 perstrin-

10 4073 32 4144 it
50 4077 211 4148 Dominus,
239 4073 304 4154 quin
327 4083 396 4131 ttmc
421 4072 450 4131 in
475 4068 616 4132 Ecclesiae
640 4064 779 4150 regimine
802 4077 831 4126 et
849 4063 1012 4145 Scripturas
1036 4073 1125 4120 tarter-

13 4155 153 4212 retatione
174 4149 243 4210 haec
262 4157 338 4210 secta
357 4145 503 4226 primatum
525 4145 648 4207 tenebat.
705 4143 778 4203 Nam
798 4140 861 4200 alibi
880 4139 1013 4228 diximus,
1039 4155 1125 4226 qnnrq

10 4227 148 4289 auldueaei
171 4239 200 4288 et
210 4225 309 4288 Essem
327 4223 447 4284 literales
465 4221 563 4284 haberi
582 4219 705 4294 mallent,
725 4218 887 4279 Pharisaeos
905 4215 984 4274 alsam
1004 4211 1125 4273 docemlr

10 4303 129 4364 adonem
156 4301 234 4382 quasi
264 4321 317 4383 per
341 4321 440 4359 uranus
464 4297 516 4360 sihi
537 4319 553 4358 a
575 4295 728 4358 maioribus
751 4294 878 4354 traditam
901 4300 1033 4370 sequutus
1054 4307 1125 4359 osse,

10 4391 18 4438 t
39 4379 154 4443 scilicet
179 4375 326 4462 mysticum
352 4374 515 4456 Scripturas
538 4393 650 4438 sensum
673 4369 800 4433 subtilius
819 4367 1001 4450 inquirerent.
1042 4361 1126 4424 Unde
