2524 4856
143 265 221 344 (tto.
257 263 422 348 Responsio
440 263 477 328 de
497 259 707 326 resurrectione
724 264 925 342 mortuomm.)
1040 265 1099 330 Μ

13 425 55 490 ns,
74 413 128 496 quia
145 436 204 478 enm
222 413 388 480 sadducaeis
407 426 470 477 erat
487 413 648 496 negotium,
665 411 713 494 qui
730 412 880 496 Prophetis
899 436 958 476 nnn
976 414 1095 482 multum

13 491 114 552 ubcbant
136 491 206 554 fidei:
236 491 333 554 saltem
357 513 418 552 non
436 490 491 553 alio
509 490 575 553 loco
597 512 646 552 eos
663 489 803 552 babebant
821 513 905 572 quarn
923 513 976 554 nos
994 493 1096 556 librum

13 566 156 629 icelesiastiei
190 565 233 629 vel
256 567 488 631 Maccahaeorum
511 565 666 628 historiam.
709 565 822 628 Deinde
841 567 905 648 qnia
926 571 1027 632 blesen
1045 571 1095 634 ad·

13 643 121 720 luxerant,
149 645 185 703 i'
221 645 341 707 eundem
365 665 396 705 re
419 665 499 705 erere
523 641 632 718 maluit,
660 664 742 722 qnam
766 665 854 704 unum
879 645 1037 725 qnempiam
1061 668 1108 709 ex*

13 717 120 810 lrnpbetis
137 741 285 803 opponere.
344 663 428 782 Adde
448 719 523 801 quod
541 718 658 780 minime
677 719 707 778 in
726 720 783 780 boc
801 717 944 795 incubuit,
962 733 996 782 nt
1014 721 1096 786 locos

13 797 250 890 implumeomncs
277 793 439 888 cqlligeret,
470 793 554 856 sicuti
582 793 708 857 videmus
733 794 891 878 Apostolos
916 818 976 858 non
998 797 1097 861 iisdem

13 885 387 1030 tt‘tt'tt‘ttttttt
399 871 1098 1032 ttlttsfttt,littuttttltgtlttt
1140 1029 1143 1034 ¹

13 1023 139 1102 especiem
155 1025 242 1087 videri
261 1037 359 1106 posset
379 1023 559 1098 obscurior),
584 1023 648 1104 quia
667 1021 803 1106 imprimis
823 1023 964 1085 celebrem
984 1046 1016 1086 ac
1035 1048 1097 1088 me·

13 1099 132 1162 ronbilem
153 1121 212 1163 esse
236 1101 355 1162 decebat
377 1100 452 1180 apud
474 1099 607 1172 ludaeos,
637 1121 724 1180 quum
748 1109 868 1161 testetur
891 1101 942 1160 bac
961 1101 997 1163 de
1016 1123 1097 1165 cansa

13 1175 129 1256 elemptos
150 1175 233 1240 luisse
257 1197 274 1236 a
296 1175 438 1252 Domino,
467 1175 532 1256 qnia
558 1175 606 1235 filii
624 1187 706 1236 crant
725 1174 866 1236 Abrabae.
903 1176 965 1238 Illic
984 1177 1097 1259 quidem

13 1253 131 1312 ›nnuntiat
152 1253 244 1326 Deus,
272 1274 304 1314 se
325 1251 423 1313 venire
442 1262 475 1310 ut
493 1249 600 1312 alilicto
619 1249 726 1334 populo
750 1263 911 1328 succurrat,
940 1253 989 1314 sed
1015 1253 1097 1316 simul

13 1325 61 1400 ddit,
76 1327 145 1388 illem
162 1327 298 1412 populum
318 1348 348 1389 se
367 1347 526 1410 agnoscere
543 1348 597 1408 pro
617 1347 678 1400 suo,
698 1325 854 1406 adoptionis
868 1341 1009 1408 respectu,
1027 1351 1097 1412 pro-

13 1413 48 1462 ter
66 1403 152 1494 loedos
173 1427 238 1496 cum
256 1404 405 1496 ,annnam
429 1423 600 1494 percussum.
619 1477 628 1494 ‚
645 1401 705 1476 Qui
728 1401 760 1462 fir
783 1414 828 1492 nt·
840 1417 969 1468 mortuos
993 1407 1097 1498 potius,

13 1499 150 1632 iiiiii
162 1481 565 1638 ‘itti'lrl‘tnt'tttl
584 1478 984 1646 littttdtm‘bt‘tltt
1003 1484 1099 1618 itit

13 1631 178 1709 mcccllerent,
207 1633 231 1694 si
254 1645 348 1693 morte
375 1643 467 1692 essent
491 1629 643 1692 exstincti?
686 1631 752 1690 Hoc
771 1627 856 1690 etiam
875 1629 949 1693 clare
969 1632 1099 1714 exprimit

13 1703 85 1770 'detine
110 1729 171 1769 nam
189 1709 273 1770 sicuti
290 1721 372 1790 pater
389 1706 481 1768 nullus
499 1727 559 1768 esse
577 1716 673 1787 potest
690 1705 795 1786 absque
812 1705 918 1782 liberis,
936 1727 1031 1788 neque
1048 1731 1099 1772 rex

13 1779 78 1862 bsque
98 1782 212 1866 populo,
237 1784 278 1846 sic
304 1783 421 1866 proprie
439 1783 580 1845 Dominus
600 1782 652 1844 nisi
670 1782 799 1843 vivorum
818 1783 915 1844 vocari
935 1785 1014 1846 Deus
1037 1806 1098 1846 non

13 1869 76 1918 nest
110 1859 277 1941 Quanquam
300 1881 360 1920 non
387 1871 445 1919 tam
470 1879 504 1920 ex
522 1857 666 1919 commoni
684 1857 818 1938 loquendi
837 1859 928 1920 sonna
948 1859 1098 1923 ratiocina-

13 1953 35 1992 n
49 1933 170 2012 Christos,
187 1959 272 2028 qnam
292 1956 326 1998 ex
344 1934 531 2016 promissione
550 1955 620 2015 quae
637 1933 681 1995 his
699 1935 793 1996 verbis
812 1934 917 1996 inclusa
937 1949 990 1998 est.
1023 1938 1098 1998 Nam

13 2027 38 2068 ue
54 2009 106 2094 lege
122 2013 264 2074 Domrnns
280 2033 311 2073 se
331 2012 414 2073 nobis
433 2011 463 2070 in
483 2011 578 2071 Deum
597 2010 685 2070 oiicrt
719 2023 753 2070 ut
772 2031 825 2072 nos
843 2012 964 2074 vicissim
983 2013 1099 2091 recipiat

13 2053 1099 2245 ernas„essentessentsuesstertere

762 2205 771 2236 ‚
829 2207 837 2220 ,
1085 2201 1100 2212 .

13 2245 43 2294 tr
56 2239 84 2297 ab
99 2241 186 2316 initio,
205 2260 269 2300 non
288 2239 451 2300 moriemur.
483 2237 582 2313 Quum
602 2255 672 2318 crgo
691 2249 809 2297 sautem
829 2206 959 2299 omnibus
979 2237 1100 2319 promit-

13 2315 139 2392 atquibus
156 2339 187 2380 se
205 2317 329 2378 affirmat
347 2335 407 2378 esse
425 2316 531 2388 Deum,
550 2325 580 2374 et
597 2311 653 2374 boc
672 2313 709 2374 dc
729 2311 881 2389 Abrabam,
900 2316 986 2388 isaac,
1005 2326 1036 2376 et
1053 2315 1101 2374 Ia„

13 2385 40 2446 tl
62 2390 192 2470 praedicet
237 2405 283 2454 ost
306 2390 417 2452 illorum
443 2402 582 2464 mortem,
611 2390 737 2468 sequitur
764 2389 903 2452 residuam
924 2391 998 2451 vitae
1022 2411 1100 2473 spem

13 2481 45 2521 sse
58 2469 172 2530 momnis.
210 2415 244 2530 g}
262 2467 324 2548 quis
345 2466 478 2547 excipiat,
494 2485 582 2600 posse
603 2465 707 2525 animas
726 2467 892 2557 superstites
915 2487 1044 2541 manere,
1068 2478 1101 2526 nt

13 2539 55 2598 nla
69 2541 101 2602 sit
120 2545 210 2606 earnis
229 2543 414 2618 resurrectio,
460 2561 524 2602 auo
543 2553 610 2600 ante
630 2543 779 2621 respondi,
797 2541 850 2602 ista
869 2543 927 2602 duo
947 2561 1009 2603 esse
1029 2563 1102 2602 con-

13 2633 63 2690 tu,
82 2621 140 2698 qnia
158 2621 271 2682 animae
288 2620 323 2680 ad
343 2619 410 2680 baer
446 2631 542 2680 narem
561 2615 615 2680 sibi
633 2618 787 2697 repositam
806 2617 943 2700 aspirant,
970 2630 1004 2680 ut
1025 2638 1102 2680 non-

13 2685 49 2750 lun
64 2693 200 2757 obtineant
220 2717 303 2760 sunm
322 2707 434 2756 statum.

13 2841 15 2852 Ι
54 2769 94 2834 dd
131 2774 241 2834 Omnes
259 2775 337 2832 mum
355 2771 534 2832 illivivunt.
573 2769 653 2832 llaec
675 2767 805 2850 loquutio
824 2770 901 2833 varie
919 2769 1055 2864 accipitur
1072 2770 1102 2830 in

13 2841 130 2929 eisne,
148 2851 198 2910 sed
221 2847 268 2909 hic
287 2847 555 2939 intelligitcbristns
573 2847 677 2922 fideles,
697 2857 843 2926 postquam
863 2849 969 2908 mundo
985 2847 1103 2910 interie-

13 2931 53 2992 nt,
74 2943 152 3003 agere
175 2924 332 3015 coelestem
359 2937 446 2987 urtam
470 2944 537 3013 cnm
558 2924 638 2984 Deo:
674 2922 758 2983 sicuti
780 2923 883 3015 Paulus
904 2927 940 2986 ad
958 2927 1104 2986 Romanos

13 3001 149 3138 iiiiii}
166 2999 557 3156 electuense
573 2995 1104 3134 reiterantestetresse

14 3153 162 3232 ltemmnrs.
190 3151 250 3215 Sed
270 3150 400 3212 consulto
420 3152 466 3210 bie
480 3151 614 3210 admonet
622 3148 760 3223 Christus,
779 3169 840 3208 non
859 3169 920 3211 esse
938 3151 976 3210 de
994 3147 1105 3231 piorum

15 3231 42 3280 n
57 3224 196 3290 ferendum
214 3227 349 3289 iudicium
369 3247 403 3288 cx
422 3227 515 3288 carme
529 3246 624 3296 sensu,
643 3224 706 3304 quia
725 3225 871 3286 recondita
889 3225 927 3285 sit
939 3225 990 3286 snb
1005 3243 1107 3285 arcana

13 3293 40 3356 lei
56 3305 181 3364 custodia.
220 3303 295 3364 Nam
312 3303 337 3363 si
356 3301 476 3364 mortuis
494 3314 562 3362 sont
582 3299 641 3361 lere
660 3297 771 3376 similes,
790 3301 857 3360 dum
879 3298 908 3360 in
928 3301 1035 3360 mundo
1055 3321 1106 3382 pe-

13 3375 163 3454 rqr'nantur,
192 3377 400 3440 multominus
464 3389 491 3438 st
515 3377 605 3438 carnis
628 3375 774 3437 interitum
798 3375 828 3436 in
853 3375 893 3438 eis
917 3388 1035 3458 apparet
1053 3373 1108 3436 ulla

13 3447 179 3540 laenspecies.
218 3457 261 3516 At
279 3457 359 3518 Deus
377 3453 451 3517 fide·
479 3464 541 3531 est,
559 3463 592 3514 ut
611 3473 695 3536 supra
715 3452 861 3514 bominum
879 3473 993 3515 sensum
1011 3473 1108 3514 eornm

13 3541 104 3592 renos
121 3541 283 3594 conservet

13 3675 14 3680 η
54 3605 95 3668 39.
132 3607 351 3686 Besporrdentea
372 3607 497 3686 qnidam
518 3603 703 3676 Scribarum,
771 3627 837 3665 uum
857 3625 956 3666 omnes
974 3601 1047 3664 male
1065 3599 1108 3665 ai-

13 3687 69 3763 ¹telos
86 3681 168 3744 luisse
188 3683 336 3764 probabile
355 3685 407 3759 sit,
434 3681 531 3743 divino
552 3681 688 3740 instinctu
708 3682 753 3760 qui
777 3681 887 3757 usdam,
909 3701 1013 3761 nempe
1035 3679 1108 3739 Pba-

13 3755 80 3830 flds,
93 3771 207 3820 extorta
227 3759 280 3820 luit
298 3760 367 3820 baec
386 3757 537 3820 consessio.
576 3759 665 3817 Forte
683 3777 840 3837 quanquam
860 3769 1004 3836 optassent
1023 3754 1110 3845 Chri-

13 3835 54 3888 [πω
70 3835 187 3916 turpiter
204 3833 313 3896 victum
331 3835 538 3906 obmutescere,
559 3832 622 3912 quia
641 3844 734 3892 tanam
754 3845 875 3894 armatos
894 3855 925 3894 se
938 3831 1035 3894 vident
1049 3847 1123 3892 erus·

13 3923 113 3983 sponso
135 3911 266 3972 adsersus
286 3911 457 3973 contrariam
475 3907 645 3984 sectionem,
670 3907 738 3968 lacit
755 3909 870 3968 ambitio
890 3920 922 3967 nt
941 3920 1048 3988 partam
1068 3905 1109 3966 vi-

13 3981 96 4044 loriam
115 3985 153 4046 illi
172 3987 360 4070 gratulentur.
408 3987 498 4046 Forte
518 3983 600 4046 etiarn
621 3983 721 4044 urebat
741 4005 790 4044 eos
809 3985 924 4057 invidia,
953 4005 991 4044 ne
1007 3980 1111 4042 vellent

26 4055 180 4124 Sadducaeis
205 4061 350 4124 Cbristurn
375 4059 506 4144 opprimi.
550 4059 669 4120 interior
689 4060 842 4120 admirabili
860 4060 916 4119 Dei
937 4055 1111 4150 providentia

13 4143 85 4196 tetum
107 4151 163 4212 cst,
189 4151 222 4199 ut
244 4141 304 4202 eius
321 4137 468 4202 doetrinae
484 4135 695 4198 subscriberent
714 4137 800 4198 etiam
819 4134 991 4196 infestissimi
1010 4134 1111 4194 hostes.

13 4205 100 4291 [renata
126 4214 211 4276 etiam
240 4235 340 4276 eornm
365 4213 478 4276 audacis
506 4211 575 4286 luit,
612 4233 672 4273 non
696 4215 783 4275 modo
812 4210 876 4293 quia
899 4220 1025 4290 paratum
1053 4227 1114 4268 esse

13 4283 123 4350 drictum
142 4291 277 4353 videbant
295 4291 329 4352 ad
347 4289 459 4371 quosvis
479 4288 596 4350 insultus
615 4288 807 4363 sustinendos,
826 4286 874 4349 sed
895 4287 958 4365 quia
978 4283 1115 4344 timebant

13 4379 50 4420 tm
71 4365 212 4428 deiecere
229 4367 341 4448 repelli,
364 4365 512 4447 quodiam
532 4363 641 4446 saepius
659 4364 808 4428 acciderat.
846 4363 959 4425 Deinde
977 4360 1041 4443 quia
1060 4380 1114 4441 pn·

22 4449 97 4498 salvini
108 4464 230 4504 nuent.
244 4457 267 4502 ia
282 4457 359 4502 liam.
373 4457 414 4502 Er.
437 4455 483 4500 rel.
498 4453 527 4500 ll.
881 4441 918 4502 15
