2524 4856
117 231 175 296 264
538 255 541 265 ·
562 225 671 288 SEC'l'.
692 225 803 288 xvnt.

118 380 268 444 saeviendo
288 377 418 440 caedibus
437 387 541 438 terram
558 374 718 456 implerent
742 379 836 439 Porro
854 374 918 456 qnia
937 385 1065 451 normt,
1082 393 1165 456 m
1181 394 1238 454 pn-

96 449 198 520 ζιίιιιι
218 456 310 516 sutura
331 465 404 516 esset
421 454 519 514 mnndi
538 453 655 528 malitia,
678 477 774 514 rursus
792 453 883 527 addit,
903 453 971 514 hacc
991 453 1056 512 sore
1076 452 1153 513 initia
1169 452 1237 512 doio-

119 555 197 594 rom:
224 552 284 593 non
304 543 336 591 nt
356 551 386 590 se
405 548 539 590 moerore
558 529 711 590 conficiant
730 529 826 590 fideles
845 529 968 608 (quibus
992 549 1107 608 semper
1130 527 1159 586 in
1174 525 1237 587 malis

120 608 246 690 suppetit
264 605 456 683 consolatio),
479 605 528 666 aed
548 617 580 665 nt
599 625 630 666 se
649 607 684 667 ad
702 605 782 688 longi
801 605 940 684 temporis
958 605 1125 684 patientiam
1142 623 1238 682 compa

120 697 195 746 rent.
233 685 324 744 Lucas
343 693 489 764 praeterea
508 681 583 742 aridit
606 693 707 742 terroe
725 693 824 741 motus
842 693 871 741 et
891 686 981 762 signo
999 702 1017 739 e
1036 683 1126 740 coelo.
1174 681 1236 753 Qn-

120 783 184 822 rnm
207 781 303 822 rernm
330 759 381 820 etsi
405 769 480 819 certa
504 756 620 818 historia
644 778 704 818 non
729 768 832 832 exstat,
860 757 963 818 sufficit
983 769 1085 818 tamen
1108 777 1125 816 a
1146 755 1234 818 (bristo

121 837 207 902 fruare
225 837 390 918 praedictas.
428 832 546 914 Reliqua
563 844 663 914 petant
684 833 806 896 lectores
825 853 859 893 ex
879 831 1013 914 losepbo.

208 1061 313 1146 (186.)
355 1061 526 1130 ΜΑΤΤΗ.
546 1062 657 1130 XXIV.
700 1063 732 1128 9,
764 1064 860 1130 Tunc
885 1058 1013 1128 tradent
1040 1081 1107 1128 vos
1128 1062 1159 1126 in
1178 1059 1240 1124 aidi·

123 1167 277 1247 ctionem,
310 1173 342 1230 et
369 1162 520 1232 occident
544 1185 618 1232 vos:
659 1174 690 1232 ot
718 1167 806 1232 eritis
834 1166 931 1232 invisi
959 1165 1089 1230 cunctis
1115 1161 1239 1252 gentibus

121 1279 256 1358 propter
276 1287 394 1336 nornen
416 1287 532 1334 menrn.
584 1266 634 1331 lu.
668 1266 711 1332 Et
732 1275 808 1332 tnuc
829 1264 1138 1332 scandalizabuntur
1157 1265 1240 1332 molti:

121 1380 152 1437 et
172 1371 255 1438 nlius
276 1369 373 1436 aliurn
395 1371 533 1436 invicem
559 1368 677 1448 tradet,
704 1389 805 1455 seque
827 1367 906 1436 odio
928 1367 1098 1434 habebunt
1119 1371 1241 1434 inricnn

125 1473 176 1540 11.
211 1473 255 1544 Et
282 1469 373 1538 uruiti
400 1469 700 1560 pseudoprophetae
722 1479 866 1558 surgent,
895 1492 934 1536 ac
954 1471 1115 1538 seducent
1135 1470 1241 1536 inuitos.

125 1575 176 1643 tu.
211 1575 254 1642 Et
276 1576 428 1664 qnoniam
449 1570 630 1640 abundabit
650 1573 815 1659 iniquitas,
836 1571 1021 1659 refrigescet
1042 1575 1160 1640 caritm
1179 1571 1243 1640 nni·

120 1687 239 1746 torum.
283 1677 334 1744 13.
367 1675 437 1761 Qui
463 1684 568 1742 autem
595 1677 849 1762 perseveraverit
874 1697 978 1762 usqne
1004 1679 1039 1742 in
1067 1675 1180 1756 finan,
1203 1676 1244 1739 bie

124 1778 235 1846 salvus
257 1780 327 1845 erit.
386 1777 437 1844 ld.
474 1777 518 1843 Et
537 1775 775 1865 praedicabitur
796 1776 860 1844 boc
880 1777 1095 1866 Evangelinm
1117 1778 1202 1866 regni
1218 1779 1243 1840 iu

123 1882 276 1948 universo
298 1875 380 1946 orbe
401 1879 435 1945 iu
457 1881 677 1946 testimonium
699 1876 849 1946 omuibus
870 1878 1034 1968 gentibus:
1059 1889 1093 1948 et
1113 1892 1185 1950 tuuc
1201 1901 1243 1945 ra

125 1983 193 2050 niet
212 1982 452 2052 consummatio.

206 2174 347 2248 MARC.
368 2177 451 2244 xttt.
494 2177 525 2240 9.
564 2173 631 2242 Sed
653 2196 714 2242 vos
736 2184 845 2244 cavete
871 2173 983 2254 vobis:
1026 2173 1156 2244 tradent
1175 2177 1241 2244 enin

122 2299 184 2347 vos
206 2281 240 2347 in
263 2279 401 2346 concilia
423 2288 455 2344 et
476 2280 508 2344 in
530 2297 727 2365 synagogas:
757 2278 947 2360 caedemini,
969 2287 1001 2346 et
1022 2279 1086 2346 sub
1107 2277 1241 2367 praesidi

122 2379 185 2450 bus
217 2403 257 2448 ac
287 2380 418 2466 regibus
451 2379 611 2445 ducemini
638 2391 771 2468 propter
799 2404 849 2448 rne
878 2385 913 2450 in
940 2382 1159 2450 testimonium
1183 2381 1240 2444 iliis

125 2485 175 2550 lu.
210 2485 253 2552 Et
279 2484 365 2572 apud
390 2503 502 2550 omnes
524 2491 634 2566 gentes
655 2493 785 2569 oportet
804 2485 895 2572 prius
916 2481 1098 2570 praedicari
1117 2486 1241 2567 Eraoge

123 2585 212 2652 lium.
257 2584 308 2651 11.
332 2585 441 2672 Quum
465 2593 569 2650 autem
592 2581 740 2652 duxerint
761 2607 822 2652 vos
845 2586 1016 2664 tradentes,
1038 2607 1082 2651 ne
1098 2585 1240 2673 praecogi-

124 2690 213 2766 totis,
241 2687 321 2774 quid
342 2687 459 2754 dicturi
481 2686 567 2766 sitis,
593 2705 699 2771 neque
720 2687 929 2768 meditemini,
951 2685 1009 2754 sed
1031 2685 1180 2776 quicquid
1198 2683 1240 2750 da·

124 2800 190 2857 turn
211 2787 308 2855 inerit
329 2787 424 2855 vobis
446 2790 480 2854 in
503 2785 558 2852 illa
579 2785 668 2865 bora,
690 2788 754 2855 boo
774 2789 968 2874 loquamini:
988 2811 1057 2856 nou
1079 2792 1160 2856 eninr
1180 2787 1238 2852 uos

124 2909 194 2969 ros,
216 2891 272 2978 qui
293 2889 474 2975 loquimini,
496 2888 553 2955 scd
576 2889 713 2976 Spiritus
734 2901 874 2959 sanctus.
919 2893 969 2957 12.
991 2891 1178 2958 Traditurm
1196 2909 1239 2952 au·

125 3001 188 3058 tem
211 3003 259 3058 est
281 2989 378 3058 irater
399 2991 525 3056 fratrent
547 2993 582 3056 in
603 3003 746 3073 mortem,
768 3003 801 3060 et
822 3004 914 3081 pater
935 2991 1051 3061 filiurns
1094 3003 1126 3060 et
1153 2995 1240 3058 insur-

125 3099 201 3182 gent
222 3093 280 3160 tilii
305 3091 458 3160 adversus
478 3107 642 3181 parentes,
664 3117 702 3161 ao
724 3105 826 3164 morte
847 3093 989 3162 afficient
1011 3118 1076 3165 eos.
1130 3094 1181 3160 13.
1208 3093 1239 3156 n

125 3200 212 3264 eritis
235 3199 329 3264 exosi
352 3193 502 3261 ornuibus
524 3207 659 3282 propter
680 3218 799 3264 nomen
820 3219 935 3266 meum.
979 3198 1045 3266 Sed
1071 3200 1126 3286 qui
1149 3215 1238 3286 perae

125 3303 284 3366 vetaverit
306 3319 410 3385 usqne
431 3300 465 3362 in
484 3295 592 3375 utrem,
614 3297 666 3364 bic
688 3299 796 3366 salvus
820 3302 890 3369 erit.

211 3493 313 3562 LUC.
335 3493 416 3558 11111.
466 3491 517 3558 12.
555 3491 623 3559 Sed
655 3502 730 3562 ante
757 3495 837 3562 baec
864 3497 972 3564 omnia
996 3495 1135 3562 iniicient
1158 3489 1235 3560 vobit

125 3613 238 3660 rnarrus
261 3613 350 3672 suas,
379 3603 411 3660 et
430 3605 678 3682 persequentur,
700 3596 860 3664 tradentes
881 3600 915 3665 in
937 3619 1110 3686 synagogas
1131 3605 1162 3662 et
1180 3613 1234 3659 ear·

126 3716 228 3776 corea,
264 3695 420 3762 tranando
452 3718 513 3762 vos
540 3695 582 3762 ad
612 3719 704 3784 reges
733 3710 765 3765 et
789 3699 954 3788 praesides
986 3711 1113 3790 propter
1134 3713 1233 3765 nomeu

22 3858 25 3873 ,
124 3817 239 3862 nucum.
283 3797 333 3866 13.
356 3797 533 3886 Continget
554 3808 660 3866 autern
681 3799 775 3868 robis
797 3805 832 3868 in
854 3806 1074 3871 testimoninm.
1115 3801 1162 3865 ta.
1183 3799 1232 3862 tn-

125 3897 200 3966 b'ete
222 3902 317 3987 igitur
338 3899 435 3966 fixrrrn
458 3903 492 3967 in
514 3900 668 3968 cordibus
688 3907 821 3987 vestris,
846 3927 914 3972 non
936 3927 1009 3973 esse
1028 3900 1227 3995 praemeditor

126 4000 199 4070 darn
223 4001 453 4069 defensionem.
510 4003 562 4068 15.
595 4004 667 4090 Ego
690 4006 775 4072 enirn
797 4006 883 4076 dabo
904 4007 999 4083 vobis
1021 4031 1057 4075 oa
1077 4017 1106 4073 et
1123 4003 1224 4090 sapien

40 4093 44 4100 ’
124 4106 215 4186 tiatn,
242 4106 295 4170 cui
316 4126 382 4170 non
403 4114 556 4192 poterunt
575 4107 811 4189 contradicere,
837 4131 943 4197 neque
965 4113 1225 4178 restituendum

126 4208 180 4290 qni
203 4205 459 4274 adversabuntur
481 4205 584 4274 vobis.
630 4209 682 4274 16.
713 4210 901 4278 Trademini
924 4224 1028 4282 autern
1048 4213 1128 4278 etiaut
1148 4227 1165 4270 s
1183 4223 1228 4289 pa·

126 4304 282 4384 rentibus,
318 4316 348 4378 et
377 4304 542 4388 tratribus,
576 4317 607 4373 et
633 4314 790 4398 cognatis,
824 4323 857 4379 ot
882 4316 1009 4396 amicior,
1049 4325 1078 4380 et
1096 4331 1127 4376 er
1144 4303 1226 4370 vobit
