2596 4840
189 231 218 280 11
497 206 704 272 EPISTOLh
723 202 1021 272 nuntctromu.

193 381 265 428 cnm
291 377 480 446 progressus
509 356 629 422 faciant
655 354 712 420 rel
742 354 856 421 saltem
884 353 1023 421 eundem
1052 357 1218 438 sequantur
1239 367 1276 414 ιιιι

192 484 271 528 sum.
312 459 431 545 Neque
457 467 566 523 tamen
588 459 729 524 omnium
751 453 869 543 quibus
892 451 1047 519 excellitis
1066 454 1210 516 virtutum
1229 459 1276 512 cate

192 565 304 652 logum
323 571 449 637 terere,
476 559 554 622 mihi
576 561 778 643 propositum
801 565 863 635 est,
884 554 941 620 sed
964 575 1062 619 unam
1088 549 1276 636 inpraesenti

193 664 331 731 laudare
352 657 609 744 sufficiet,·quae
631 680 682 722 me
701 667 732 722 et
765 655 948 741 complures
960 653 1084 722 Christi
1101 673 1207 716 servos
1226 671 1276 736 que

195 765 359 832 sanctiore
379 757 513 822 vinculo
535 755 631 823 robis
653 757 806 823 devinxit.
852 756 1008 871 Magnum
1029 752 1111 818 illud
1132 752 1201 831 fuit,
1227 771 1276 838 qun

196 875 272 932 ante
292 860 551 950 quinquennium
571 855 721 924 horribili
740 866 868 922 terrore
889 857 1007 943 passim
1029 851 1176 920 omnibus
1195 855 1276 917 inieel

196 985 296 1054 quum
329 969 362 1026 et
399 957 602 1024 Germanicis
634 955 792 1022 Ecclesiis
832 959 982 1022 miseram
1019 951 1276 1040 dissipationem

194 1058 377 1147 Evangelio
398 1061 561 1124 interitum
587 1079 692 1144 prope
724 1058 926 1122 minitaretur
953 1065 1088 1143 accepta
1112 1052 1228 1132 clades,
1254 1069 1276 1118 ιι

198 1163 242 1232 ad
269 1164 390 1249 primos
417 1179 564 1246 quosque
590 1156 731 1223 telorum
753 1160 853 1222 iactus
882 1160 1032 1243 expositi,
1059 1159 1095 1220 in
1121 1153 1219 1218 libera
1236 1149 1276 1215 fid

198 1263 405 1331 consessione
431 1269 509 1324 tunc
535 1256 632 1323 valde
660 1257 777 1323 odiosa
806 1257 893 1322 firmi
912 1259 1057 1334 stetistis,
1088 1275 1126 1320 ac
1146 1255 1276 1318 constant

97 1389 106 1404 “
197 1363 375 1430 retinuistis
395 1380 492 1446 quam
521 1361 617 1423 eratis
643 1357 782 1444 amplexi
809 1359 968 1422 sinceram
992 1357 1123 1442 pietatis
1144 1354 1276 1419 doctrinar

197 1473 235 1529 nt
255 1460 352 1526 tacile
376 1467 551 1536 constaret,
575 1457 672 1525 vohis
699 1462 784 1524 inter
812 1479 948 1522 summas
975 1477 1068 1522 curas
1090 1465 1122 1520 et
1148 1452 1276 1518 discrimit

198 1561 282 1631 nihil
302 1560 405 1650 pluris
419 1579 500 1637 esse,
520 1580 616 1645 quam
636 1557 775 1623 militare
788 1555 848 1622 sub
863 1553 985 1621 Christi
1004 1554 1135 1622 vexillo.
1174 1551 1236 1620 Sed
1255 1551 1276 1613 ht

198 1663 300 1748 magis
321 1658 364 1726 ad
385 1661 571 1724 memoriam
592 1660 732 1744 insigne,
760 1658 849 1744 quod
874 1677 943 1723 non
971 1657 1074 1722 modo
1095 1658 1179 1721 inter
1199 1649 1276 1718 rosi

199 1765 283 1828 retis
308 1781 424 1878 purum
444 1757 511 1823 Dei
537 1755 673 1838 cultum,
704 1757 904 1845 fidelemque
939 1779 1074 1844 operam
1103 1755 1197 1834 datis,
1229 1761 1276 1817 ιιι

199 1864 301 1928 vestri
327 1862 414 1926 cives
439 1839 525 1924 inter
552 1857 677 1926 Christi
707 1870 801 1946 septa
829 1861 1037 1938 contineant,
1070 1857 1129 1923 sed
1158 1855 1276 1940 dissipat

199 1960 370 2030 Ecclesiae
390 1956 545 2044 reliquias
568 1958 700 2025 aliunde
722 1959 872 2046 expulsas
893 1967 1046 2045 tanquam
1062 1957 1171 2025 lacera
1188 1951 1276 2028 ment

202 2061 364 2146 colligitis.
404 2059 480 2124 Hoc
510 2070 599 2126 certe
626 2071 663 2128 ut
688 2063 722 2128 in
749 2059 849 2126 rebus
876 2057 1004 2126 acerbis
1030 2082 1101 2128 non
1122 2047 1276 2146 parumul

118 2191 123 2202 ¹
202 2159 309 2228 attulit
340 2155 465 2238 solatii,
498 2183 596 2247 quum
629 2159 788 2242 audirem,
818 2162 892 2246 pios
918 2160 986 2225 Dei
1018 2161 1176 2240 cultores,
1205 2158 1276 2244 quit

126 2333 128 2338 ,
200 2259 319 2348 Anglia
347 2259 479 2346 profugi
505 2271 538 2326 et
569 2261 641 2328 aliis
668 2261 815 2350 pertibus
843 2259 1061 2342 advenerant,
1095 2265 1168 2328 istic
1191 2259 1276 2338 henin

200 2363 303 2430 inisse
329 2361 472 2447 hospitio
501 2373 668 2449 exceptos,
702 2383 811 2450 neque
840 2361 940 2428 modo
972 2366 1057 2430 tristi
1082 2383 1194 2430 eorum
1220 2351 1276 2432 ersll

200 2472 333 2550 portum
354 2481 425 2528 esse
446 2461 570 2540 datum,
600 2461 660 2528 sed
681 2465 798 2529 iustum
821 2479 953 2550 quoque
980 2463 1144 2530 honorem
1163 2455 1276 2526 Filioh

200 2562 302 2628 iuisse
330 2559 491 2637 habiturn,
520 2571 557 2626 ut
582 2563 617 2626 in
644 2561 726 2626 urhe
747 2573 856 2628 restra
883 2567 952 2630 eius
977 2563 1196 2652 Evangelium
1218 2559 1276 2646 llud

202 2663 319 2730 exteris
337 2668 500 2746 personet
547 2660 626 2727 Non
647 2658 802 2728 absimilis
821 2683 929 2750 nuper
949 2665 1103 2751 Tigurini
1124 2665 1252 2732 Senatus
1268 2655 1276 2722 l

201 2763 339 2828 manitas
360 2781 436 2846 erga
452 2761 587 2828 miseros
599 2761 825 2829 Locarnenses
846 2767 970 2843 enituit,
990 2765 1115 2852 quibus
1135 2785 1203 2833 non
1222 2757 1276 2836 urht

201 2859 303 2928 modo
339 2881 430 2926 suam
461 2861 616 2947 patelecit
648 2863 740 2948 (quia
766 2863 854 2928 domi
877 2865 1046 2932 Christum
1075 2889 1116 2934 ex
1143 2865 1276 2932 animive

202 2957 315 3028 colere
335 2979 404 3026 non
428 2959 579 3042 licebat),
605 2961 665 3028 sed
686 2961 840 3050 templum
862 2987 994 3053 quoque
1022 2950 1191 3046 attribuit,
1211 2967 1276 3050 inq

201 3080 314 3128 samos
335 3059 413 3126 suos
435 3071 614 3128 conventus
636 3061 790 3142 habeant,
809 3085 871 3132 nec
893 3088 950 3134 eos
963 3067 1128 3134 deterruit
1144 3067 1276 3154 linguae

200 3161 352 3239 versitas,
375 3161 453 3247 quin
476 3160 639 3229 Christum
666 3163 754 3250 apud
781 3185 817 3232 se
838 3165 950 3234 italice
971 3189 1109 3256 quoque
1131 3167 1223 3256 loqui
1239 3171 1276 3250 cul

200 3271 284 3326 rent.
324 3261 371 3324 Ut
391 3270 497 3326 autem
518 3261 561 3328 ad
582 3287 642 3332 vos
662 3276 816 3347 revertar,
838 3286 898 3351 ego
912 3265 1050 3334 shoulac
1062 3257 1276 3356 liuguaenost

200 3357 507 3428 hominibusvestra
527 3362 724 3431 hrunanitate
746 3370 934 3453 permissum
949 3389 1019 3436 esse
1043 3371 1168 3450 audiri,
1189 3379 1223 3437 ut
1236 3363 1276 3436 ιιι

200 3463 282 3526 siam
303 3461 375 3524 istic
395 3461 608 3540 instituerent,
629 3468 776 3550 privatim
797 3467 955 3534 merobis
973 3467 1168 3538 obstrictum
1189 3469 1276 3536 sentit

200 3559 266 3626 hoc
284 3579 434 3640 munere,
460 3563 549 3650 quod
576 3585 665 3630 nunc
684 3564 807 3643 oliero,
833 3590 936 3634 neam
961 3573 1197 3655 gratitudinem
1224 3571 1276 3642 test

201 3658 276 3726 dnm
303 3663 424 3726 censui.
475 3663 558 3728 Nam
583 3674 620 3730 ut
651 3668 767 3732 merito
796 3666 948 3734 deflenda
973 3673 1080 3755 gentis
1107 3677 1276 3740 nostrast

201 3758 284 3826 ditio
313 3768 377 3838 est,
406 3764 459 3828 cui
492 3761 538 3830 oh
569 3763 756 3850 sacrilegam
777 3769 917 3854 Papatus
942 3772 1158 3854 tyrannidem
1186 3765 1276 3838 habitl

201 3862 327 3946 patriae
350 3860 494 3928 exsilium
517 3862 586 3930 iere
610 3875 658 3931 est
679 3889 700 3932 a
720 3889 822 3953 regno
843 3871 923 3949 Dei,
955 3873 1000 3936 ite
1019 3874 1167 3940 vicissim
1194 3891 1276 3940 ιιοιιι

201 3963 389 4041 ruminent,
408 3963 444 4027 in
465 3961 574 4033 alieno
593 3963 666 4032 solo
689 3967 831 4056 aliquam
850 3969 924 4050 d'ari
944 3973 1139 4054 stationem,
1162 3974 1219 4040 ubi
1239 3965 1276 4056 ιιι

202 4079 288 4124 mum
309 4060 387 4128 Deo
406 4063 526 4132 urltum
547 4076 720 4151 praestent
772 4071 866 4136 llaec
887 4081 974 4136 certe
994 4083 1110 4139 sancta
1132 4067 1276 4162 hospital

201 4180 273 4228 non
293 4171 358 4228 tam
376 4162 562 4236 horninibus
583 4188 680 4254 qnam
707 4171 769 4254 ipsi
792 4169 927 4238 Christo
948 4169 1077 4252 oblata,
1098 4197 1163 4241 vos
1185 4179 1276 4254 temp

203 4280 303 4346 spero
321 4271 406 4332 statu
426 4263 582 4336 tlorentes
600 4271 696 4336 noris
717 4271 767 4351 (ut
786 4271 900 4355 spero>
919 4270 987 4340 Dei
1006 4271 1190 4346 beneficiis
1210 4289 1276 4344 orne
