2574 4850
259 241 338 323 (tat.
376 238 504 324 Populus
522 240 648 324 quinque
666 239 784 324 panibus
803 235 937 320 niutan)
1125 235 1165 342 ,⁷⁸

25 395 154 462 Euoras
177 411 316 462 mamus
338 393 485 460 toronus
507 391 647 462 denariis
666 383 777 484 panes,
800 402 832 462 et
852 393 963 464 demus
985 389 1051 461 illis
1074 387 1165 480 quod

25 497 136 564 edant.
179 495 233 561 38.
254 497 298 563 nt
320 494 475 563 illedixit
497 499 558 576 eis,
582 497 674 584 Quot
692 519 794 586 panes
814 493 958 566 habetis?
985 498 1043 580 ite,
1065 505 1096 562 ct
1116 498 1166 564 vi·

24 600 113 668 dcte.
157 600 201 666 Et
222 619 319 687 quum
341 602 584 687 cognovissent,
607 599 731 680 dicunt,
753 601 921 688 Quinque,
944 607 977 666 et
996 598 1080 667 duos
1101 601 1166 688 pis·

25 725 90 770 oca.
148 701 203 768 39.
232 703 275 768 Et
299 703 461 790 praecepit
487 702 566 783 illis,
597 713 633 768 nt
659 701 850 770 accumbere
877 701 1018 768 iacerent
1043 722 1166 784 omues,

23 803 213 872 distributis
240 805 383 870 convivis
409 807 443 872 iu
469 804 565 871 viridi
586 807 736 892 gramine,
792 805 844 874 40.
869 803 911 872 Et
934 801 1166 874 discubuerunt

23 909 127 977 dirisi
149 910 186 974 in
207 914 362 974 centenos
385 915 418 974 ot
439 907 692 994 quinquagenos
734 907 787 974 41.
808 908 851 976 Et
870 928 970 996 mum
991 908 1168 997 accepisset

23 1016 177 1103 quinque
198 1029 297 1098 panes
319 1019 351 1074 et
372 1007 457 1075 duos
478 1013 591 1098 pisces,
615 1007 749 1077 sublatis
771 1011 804 1076 in
828 1010 955 1078 coelunt
973 1009 1087 1092 oculis,
1108 1010 1167 1077 be-

23 1115 155 1184 nedixit
180 1133 219 1178 oc
245 1111 336 1200 lregit
362 1131 479 1200 panea,
511 1107 663 1202 deditque
693 1109 874 1202 discipulis,
905 1119 941 1180 ut
966 1121 1168 1201 apponerent

23 1219 108 1296 illis,
140 1225 175 1282 et
201 1213 287 1281 duos
313 1216 419 1300 pisces
448 1205 556 1280 divisit
585 1213 746 1282 omnibus.
800 1216 854 1283 ta.
886 1215 928 1282 Et
958 1213 1168 1283 comederunt

1 1339 161 1400 ¹oorrres,
193 1326 227 1384 et
253 1317 385 1382 saturati
412 1323 496 1381 suot.
547 1315 600 1384 13.
628 1317 671 1383 Et
696 1315 893 1383 sustulerunt
919 1316 1168 1404 fragmentorum

1 1419 205 1489 ,duodecim
227 1417 384 1507 cophinos
406 1415 534 1506 plenos,
556 1415 650 1488 etde
672 1417 825 1508 piscibus.
868 1417 922 1486 li.
940 1421 1041 1488 Erant
1053 1429 1169 1508 auten,

23 1529 81 1615 qui
105 1520 331 1600 comederant,
353 1523 481 1588 circiter
502 1523 646 1609 quinque
665 1520 765 1588 millia
784 1523 944 1588 ainornm·
1162 1515 1165 1522 ’

115 1693 283 1764 meix.
317 1693 368 1759 10.
390 1692 433 1759 Et
453 1695 577 1760 reversi
591 1691 743 1782 Apostoli
765 1701 975 1761 cenaverunt
988 1689 1051 1773 illi,
1073 1681 1171 1780 quae·

25 1819 162 1887 cunque
189 1797 338 1862 ieceraot.
387 1793 428 1862 Et
450 1797 620 1884 assumptis
650 1795 714 1863 illis
742 1797 876 1864 seoeasit
896 1817 1044 1866 seorsum
1065 1797 1101 1863 io
1120 1795 1172 1864 lo-

24 1925 102 1970 cum
127 1899 293 1968 desertum
314 1899 463 1977 civitatis,
491 1919 576 1984 quac
600 1908 735 1968 vocatur
754 1897 939 1966 Bethsaida.
987 1897 1040 1966 11.
1069 1897 1172 1985 Quod

25 2025 132 2093 quum
143 2002 352 2089 agnovissent
365 1999 488 2079 turbae,
503 2011 658 2090 sequutae
671 2009 747 2068 sunt
760 2000 865 2069 illnma
888 2011 919 2068 et
940 2002 1065 2088 excepit
1087 1999 1173 2084 illos,

25 2119 57 2174 et
80 2103 285 2193 loquebatur
305 2101 370 2169 illis
393 2102 435 2170 de
456 2123 558 2190 reguo
578 2101 659 2184 Ilei,
687 2111 720 2169 et
741 2125 798 2170 eos
820 2105 877 2193 qui
897 2106 1063 2170 curatione
1086 2101 1172 2170 iudi·

26 2209 154 2298 gabant
176 2205 318 2274 sauabat.
362 2207 413 2272 12.
434 2206 514 2272 Dies
537 2214 641 2270 autem
664 2214 814 2292 coeperat
834 2205 1009 2272 declinares
1031 2215 1063 2270 et
1081 2225 1173 2271 acce-

27 2313 147 2380 dentes
171 2307 356 2387 dnodecim,
379 2303 530 2374 dixerunt
549 2305 612 2387 illi,
639 2307 772 2374 Dimitte
793 2305 919 2388 turbas,
943 2317 980 2375 nt
1002 2314 1116 2372 cuntes
1137 2307 1174 2372 in

28 2410 169 2482 castella
190 2410 348 2500 villasque
368 2411 490 2478 vicinas
519 2408 692 2489 divertant,
722 2418 755 2476 ct
781 2410 945 2478 inveniant
966 2429 1073 2490 mnas,
1098 2409 1175 2496 quia

28 2520 83 2584 liic
112 2517 151 2581 in
180 2513 256 2582 loco
285 2512 414 2580 decerto
440 2533 562 2580 sumus.
618 2512 673 2578 13.
697 2511 755 2579 Ait
778 2521 882 2579 autem
909 2511 951 2578 ad
977 2511 1068 2590 illos,
1100 2513 1174 2578 Vos

29 2618 109 2686 date
127 2615 205 2694 illia,
227 2614 316 2704 quod
332 2612 437 2682 edant.
480 2617 523 2682 At
543 2608 592 2678 illi
613 2611 770 2696 dixerunt,
790 2613 869 2682 Non
890 2624 965 2682 sunt
984 2611 1082 2681 nobis
1102 2613 1176 2702 plu-

29 2743 102 2798 res,
126 2738 224 2807 quaro
245 2720 390 2807 quinque
410 2737 526 2806 pones,
549 2726 581 2782 et
603 2713 669 2786 duo
690 2717 813 2806 pisces:
833 2717 897 2786 uisi
919 2737 982 2786 nos
1003 2737 1122 2796 eamus,
1143 2721 1176 2782 ct

29 2843 181 2890 emamus
203 2822 239 2886 iu
263 2841 389 2886 omnem
414 2819 502 2886 buno
529 2819 686 2906 populum
713 2841 814 2888 escas.
863 2821 917 2888 lt.
943 2820 1047 2887 Eram
1071 2828 1177 2886 autem

29 2927 101 2992 iere
129 2925 193 2988 viri
225 2924 395 3010 quinquies
428 2920 526 2988 mille.
583 2923 638 2989 Ait
669 2932 774 2990 autem
802 2921 846 2990 ad
878 2920 1054 3012 discipulos
1087 2941 1176 3001 suos,

30 3029 148 3094 Facite
174 3023 250 3095 illos
280 3021 497 3104 discumbere,
532 3023 566 3090 iu
588 3022 715 3110 singulo
738 3045 869 3113 quoque
897 3023 1062 3092 discubitu
1083 3026 1178 3112 quiu-

33 3149 218 3218 quageuoa.
275 3125 328 3191 15.
356 3127 462 3214 Atque
486 3127 531 3192 ita
557 3125 715 3206 lecerunt,
747 3137 780 3194 ct
804 3127 949 3194 lecerunt
973 3145 1088 3192 omnes
1112 3123 1178 3191 dis-

34 3230 202 3297 cumbere.
257 3225 309 3303 16.
339 3227 484 3316 Acceptis
511 3238 615 3294 autem
647 3229 790 3316 quinque
820 3227 960 3316 panibus
989 3234 1022 3292 et
1048 3223 1178 3291 duobus

34 3333 200 3422 piscibus,
229 3327 364 3397 sublatis
387 3333 421 3398 in
443 3329 570 3398 coelum
592 3330 713 3408 oculis,
738 3329 902 3398 benedixit
927 3327 993 3396 illis
1018 3327 1179 3416 etfregit,

35 3435 271 3520 distribuitque
292 3432 468 3522 discipulis,
490 3444 525 3499 ut
547 3443 746 3521 apponerent
766 3431 891 3500 turbae.
934 3431 986 3498 17.
1008 3433 1051 3506 Et
1071 3451 1179 3497 come

37 3537 158 3604 derunt
181 3557 306 3616 omues,
329 3545 360 3602 et
382 3537 514 3602 saturati
535 3545 625 3602 sunt:
648 3544 681 3601 et
700 3533 862 3611 sublatum
885 3543 933 3604 est
955 3531 1045 3628 quod
1066 3553 1180 3625 supcr-

36 3641 102 3708 iuit
120 3639 188 3706 illis
210 3637 471 3727 lragrnmtomm,
493 3637 627 3725 cophini
649 3637 831 3706 duodecim.

117 3808 223 3874 tinen
243 3811 290 3874 1³.
328 3809 368 3870 Id
389 3829 481 3890 quum
504 3809 639 3868 audisset
659 3808 754 3870 rems.
800 3809 924 3873 Ioannes
948 3809 1066 3874 eandem
1089 3806 1180 3874 biolo·

39 3885 277 3980 riamrplereus,
296 3907 353 3967 quo
372 3885 491 3976 ponsilio
509 3884 652 3947 transierit
669 3885 748 3976 Ieaps
767 3881 798 3946 in
815 3886 840 3946 ri
860 3905 905 3946 am
923 3883 1099 3962 ulteriorum,
1117 3905 1180 3946 nou

39 3975 184 4053 meminit.
214 3965 327 4054 blarcqa
346 3973 430 4025 enam
450 3972 479 4022 et
493 3961 583 4024 Lucas
601 3956 732 4051 nopnrlul
746 3981 765 4051 a
777 3964 838 4053 idat
878 3961 1090 4053 'eo‘dillenmptr
1113 3979 1181 4020 eau-

40 4061 104 4100 sam
125 4061 201 4105 enirn
219 4051 326 4100 suumn
346 4037 429 4128 lrusse
448 4037 564 4110 doectlt,
583 4047 615 4127 qt
628 4035 768 4126 discipulas
782 4059 838 4108 sun
851 4037 953 4128 aliquid
1006 4049 1072 4128 'etta
1091 4035 1181 4125 daret,

41 4127 194 4204 ppstqnapn
214 4137 249 4176 ex
267 4135 317 4205 sua
334 4113 477 4196 legatione
496 4134 603 4175 reversa
622 4111 742 4174 lucrant.
773 4113 831 4175 Sed
849 4136 880 4174 an
900 4133 995 4205 eom
1006 4113 1025 4172 rl
1044 4121 1087 4172 est
1099 4111 1181 4170 diser·

43 4189 644 4355 isem:{·²,i²nnam,attala
664 4209 817 4340 termae
838 4185 1181 4353 :lintamina

47 4343 184 4404 acciderit
208 4365 243 4406 ex
265 4355 361 4406 morte
382 4341 498 4405 loannis
520 4361 594 4406 nova
619 4341 737 4405 occasio.
780 4343 854 4406 Nam
882 4353 913 4405 et
939 4337 1046 4403 debiles
1071 4353 1182 4404 turmot
