2596 4840
135 161 177 226 tt
530 155 586 218 10.
607 153 779 218 eanvult
801 152 903 217 vato

141 299 173 364 in
192 317 340 364 merem
360 297 495 360 Viennae
513 301 676 374 coniectus,
694 321 729 362 ae
747 297 818 361 inde
836 317 904 358 moa
922 295 1024 358 nescio
1036 293 1141 376 quibus
1162 293 1278 356 artibrn

142 376 438 472 elppsusssenepam
452 377 531 469 ‘fsto
559 379 687 457 quodam
712 386 843 451 venerat,
872 375 931 435 alio
962 373 1066 455 procul
1092 373 1278 468 transiturus

142 475 201 516 nssr
215 454 274 514 Der
295 454 478 534 providentia
498 453 607 514 lactum
627 467 713 530 esset,
732 465 766 513 ut
785 473 854 514 mox
873 471 890 512 a
908 451 1036 531 quoda
1045 461 1185 542 egonus,
1208 447 1278 510 (aul

29 593 32 600 ,
143 531 218 592 aino
244 531 446 612 Magistratum
472 529 666 606 admonente,
697 528 809 591 carceri
834 525 935 588 luisset
959 537 1149 606 mancipatus.
1190 526 1278 600 Qua<

144 607 303 670 certamina
328 619 391 666 tum
427 608 602 686 quantisque
626 607 664 666 cle
694 605 783 666 rebus
806 615 940 684 suscepta
973 602 1097 677 luerint,
1128 622 1165 678 eu
1196 602 1278 660 editt

145 681 223 744 libro
249 682 361 763 percipi
385 681 551 761 plenissime
577 693 685 763 potest.
723 681 793 742 Fuit
816 693 914 740 autern
941 679 1044 740 borum
1071 679 1206 740 omnium
1226 681 1278 738 isti

146 760 256 834 caitus,
280 771 313 818 ut
338 758 456 818 tandem
474 759 612 850 perditus
642 759 691 820 ille
717 761 779 836 (cui
804 756 993 818 factiosorum
1013 755 1100 816 etiam
1120 777 1198 816 uuna
1218 767 1278 816 ton

145 835 297 897 Praetoris
316 833 454 896 Assessm
473 857 503 895 sn
523 855 623 898 aurem
643 837 836 896 insusurrante
877 833 994 892 uiddana
1013 831 1200 908 credebatur,
1221 851 1278 912 qast

146 911 255 972 malum
275 910 383 991 perditi
402 909 528 973 bominis
547 912 675 972 animum
694 857 881 985 obfirmarelb
905 929 1012 969 avana
1036 907 1084 968 illa
1109 929 1160 968 sua
1186 908 1278 969 confi

147 988 248 1050 dentis
277 985 426 1068 proditus,
456 1001 487 1048 et
517 989 674 1080 impietatis
703 1009 738 1048 ac
768 987 947 1046 infinitarum
975 983 1222 1064 blaspbemiarum
1252 1005 1278 1046 sn

148 1063 282 1126 omnium
323 1064 411 1124 etiam
451 1064 670 1126 Helveticarurn
708 1063 898 1124 ecclesiarum
933 1062 1079 1122 sententie
1117 1061 1278 1124 damuatul

149 1140 274 1200 XXVII.
301 1137 427 1202 Octobr.
455 1139 537 1202 nullo
562 1141 643 1202 edito
670 1139 873 1221 poeniteutiae
890 1137 994 1218 signo,
1019 1135 1125 1198 frustra
1143 1135 1278 1220 supplici

86 1269 88 1274 .
148 1216 322 1354 gravitatem
341 1217 520 1298 deprecante
539 1229 690 1298 pastorum
710 1215 850 1299 collegio,
870 1213 970 1274 iuleliu
988 1213 1071 1274 visus
1090 1225 1279 1276 cremaretur

176 1291 282 1354 asellus
306 1304 404 1352 autem
429 1293 537 1354 eodem
561 1314 641 1355 anno
660 1311 792 1372 eousque
812 1292 840 1353 si
858 1289 956 1352 morbi
977 1288 1101 1366 immin,
1121 1301 1188 1350 uta
1212 1291 1278 1352 Cal

150 1371 237 1445 uino,
264 1370 314 1449 qui
333 1369 521 1430 Neocomum
539 1369 576 1430 ad
601 1391 669 1434 eum
688 1369 840 1430 visendum
860 1377 996 1441 venerat,
1019 1385 1075 1460 pro
1094 1377 1215 1426 mortno
1236 1387 1278 1428 ret

150 1445 351 1525 linqueretur,
370 1446 445 1507 vitae
464 1459 567 1528 postea
586 1459 704 1528 praeter
722 1465 804 1526 apem
824 1463 942 1505 omnent
960 1454 1111 1504 restatutns
1132 1443 1278 1524 ecclesian

152 1542 222 1582 mox
239 1521 391 1583 recreavit.
429 1521 475 1584 lta
496 1523 581 1604 plane
600 1525 679 1584 inter
696 1543 780 1603 spem
799 1531 830 1580 et
848 1532 969 1596 metum,
988 1519 1166 1580 terminante
1184 1527 1278 1582 tumel

153 1596 289 1658 dolorem
307 1595 429 1674 laetitia,
447 1619 556 1661 annum
575 1598 655 1660 bunc
674 1611 795 1660 eatenus
814 1596 970 1678 exegimus.
1008 1596 1087 1656 Ecce
1106 1597 1195 1671 enirn,
1216 1596 1278 1660 dun

153 1673 227 1734 baec
245 1677 276 1736 iu
297 1675 413 1736 Serveti
431 1695 517 1736 cansa
535 1689 674 1759 aguntur,
685 1674 811 1768 'quidam
831 1693 866 1732 ex
885 1672 1014 1733 factiosis
1030 1671 1209 1733 bertelerius
1230 1693 1278 1762 no

152 1749 252 1888 tls
269 1747 1278 1890 lttt⁹:2³3?atttltdttlttl'ttdedolat&

154 1849 302 1984 stulatdne
323 1923 357 1962 ea
375 1905 550 1966 auctoritate
570 1907 697 1966 Senatus
715 1902 843 1966 absolsi:
859 1869 969 1983 quodsi
989 1903 1101 1992 sactum
1118 1911 1204 1992 epact,
1224 1846 1278 1964 ilo

155 1977 221 2116 bigi
241 2000 302 2041 uon
321 1992 455 2074 poterat,
503 1979 554 2042 uiu
579 2003 648 2042 mox
670 1980 774 2042 solutis
800 1978 1011 2068 ecclesiasticae
1031 1977 1200 2057 disciplinae
1220 1979 1278 2038 vin

157 2057 229 2117 cuis
249 2077 346 2118 omnia
366 2057 462 2118 statim
481 2001 662 2118 diffluerent.
701 2055 866 2116 lnterredit
883 2057 974 2136 igrtnr
991 2051 1095 2116 sedulo
1112 2053 1278 2134 sortiter-qm

156 2131 338 2214 Presbyterii
368 2133 489 2194 nomine
515 2134 670 2210 Calvinus,
699 2133 888 2211 ostenditque
912 2130 1112 2212 Magistratum
1142 2151 1278 2192 sacrarur

158 2206 256 2292 legum
283 2209 446 2286 vindicem,
471 2229 532 2272 non
557 2211 771 2272 destructorem
796 2229 859 2268 esse
883 2219 1038 2299 oportere:
1070 2206 1141 2298 nibil
1161 2205 1278 2300 deniqu

159 2305 262 2347 eorum
282 2287 500 2366 praetermittit,
519 2306 593 2424 qnae
612 2287 687 2348 tanti
705 2286 849 2346 momenti
860 2295 1016 2344 contentio
1029 2283 1187 2364 flagitabat.
1213 2285 1278 2344 Vrn

159 2362 269 2422 cebant
285 2374 383 2424 tamen
403 2383 509 2426 eorum
540 2363 594 2424 alsi
612 2361 770 2436 clamores,
790 2361 841 2440 qni
859 2358 1078 2440 Presbyterinm
1098 2360 1216 2420 aiebant
1232 2357 1278 2424 sit

159 2437 190 2499 in
205 2437 379 2519 quibusdam
397 2439 585 2524 Magistratus
603 2437 758 2531 imperinm
777 2455 926 2519 arrogare,
945 2435 1020 2496 adeo
1041 2447 1076 2498 nt
1092 2435 1122 2496 ia
1134 2435 1278 2500 Diacnsin

160 2536 225 2574 rnm
246 2513 370 2576 consilio
387 2526 579 2586 statueretur,
603 2516 738 2576 ultumum
762 2511 1071 2574 excommunicationis
1095 2511 1233 2573 iudicium
1256 2533 1278 2573 ai

161 2589 289 2651 Senatus
308 2589 510 2672 coguitionem
530 2593 691 2672 pertinere,
711 2601 745 2650 ut
760 2611 836 2668 qnos
854 2587 944 2649 vellet
963 2588 1142 2650 absolveret:
1162 2588 1190 2647 in
1203 2607 1278 2669 quan

162 2667 337 2727 sententiam
356 2687 374 2726 a
394 2665 524 2741 Senatu,
563 2688 645 2730 arum
665 2678 734 2728 ante
752 2666 789 2724 ad
809 2685 874 2726 eant
893 2683 956 2724 rem
976 2676 1107 2740 attento,
1127 2663 1278 2746 obreptici

162 2740 356 2804 absolutorias
375 2740 474 2804 literas
492 2689 588 2824 sigillo
608 2741 1014 2823 Reipublicaeconamunitas
1034 2740 1210 2802 llertelerius
1232 2743 1278 2802 ob

161 2817 259 2879 tinuit.
297 2819 376 2880 Aca
399 2819 500 2880 erabat
517 2832 580 2881 tuna
599 2819 741 2880 Perrinus
767 2839 833 2878 cum
857 2819 916 2880 suis
940 2818 1065 2879 alterum
1084 2829 1278 2898 sequntnmm

163 2913 271 2977 nempe
290 2907 327 2956 ut
342 2839 396 2956 vel
409 2896 574 2972 Calvinum,
595 2897 651 2956 nisi
669 2895 808 2956 mandato
818 2893 945 2956 Senatus
964 2906 1091 2976 pareret,
1111 2913 1165 3030 per
1180 2891 1278 2956 tumul

163 2971 827 3124 ‚tt0tt‘tlt‘ttut'’sidt‘tt‘atd't
848 2983 950 3108 ttt‘t
966 2971 1278 3127 tittltn‘ditl

164 3124 207 3184 At
226 3123 365 3186 Calvinus
388 3145 478 3202 nero,
501 3091 632 3206 lquamris
657 3069 748 3186 biduo
767 3071 908 3184 dunlauat
931 3137 1000 3184 ante
1019 3124 1153 3185 Coenam
1171 3123 1278 3186 Domin

165 3219 265 3262 mense
286 3201 469 3280 Septembris
489 3201 526 3262 de
546 3223 630 3264 more
657 3200 864 3262 celebrandam
884 3201 921 3262 de
946 3201 1004 3262 boc
1024 3200 1101 3261 lacto
1120 3219 1278 3266 commone

166 3274 274 3350 iactus,
307 3277 386 3338 inter
409 3278 648 3341 concionandum
672 3278 748 3340 elata
766 3297 840 3338 soce
864 3299 899 3340 ac
924 3299 1011 3340 maun
1033 3277 1126 3338 multa
1150 3277 1186 3336 de
1204 3273 1278 3338 sacri

164 3372 194 3413 m
215 3353 310 3414 steriis
338 3354 369 3413 in
400 3373 504 3416 eornm
536 3365 758 3436 contemptores
789 3353 944 3434 loquutus,
973 3364 1033 3430 „at
1052 3373 1109 3436 ego
1127 3353 1278 3432 <iuquit

165 3375 436 3510 „lbrysostomum
461 3451 493 3492 se
515 3443 602 3494 nutus
627 3431 686 3492 vim
711 3431 831 3512 quidem
856 3451 918 3492 non
944 3450 1111 3511 opponam,
1140 3429 1190 3491 sed
1214 3429 1278 3490 ultr

166 3525 242 3584 „me
261 3505 359 3596 potius
379 3507 475 3568 occidi
494 3453 581 3570 dasilo
599 3508 703 3589 patiar,
723 3527 808 3587 quam
828 3507 901 3568 baec
921 3527 1021 3568 manns
1041 3505 1278 3596 contemptoribq

168 3581 252 3656 „Dei
270 3592 325 3642 rste
353 3582 487 3644 iudicatis
511 3597 611 3645 sancta
630 3583 755 3645 Domini
780 3584 948 3665 porrigat.“
988 3583 1070 3644 llaec
1088 3603 1159 3657 roa,
1187 3581 1278 3646 mirus

168 3657 266 3733 dian,
292 3669 406 3720 tautum
434 3661 532 3740 potuit
550 3660 626 3740 apud
647 3659 712 3721 illos
754 3660 916 3721 nantumvis
936 3658 1081 3734 effrenes,
1105 3670 1139 3720 nt
1156 3659 1278 3726 Perrinn

167 3734 265 3794 statim
286 3732 449 3795 clanculum
469 3736 635 3798 Rertelerio
661 3759 728 3797 man
768 3747 831 3812 ret,
857 3757 895 3796 ne
919 3736 956 3796 ad
980 3755 1109 3796 mensam
1133 3735 1278 3798 accedero

168 3810 286 3889 sintque
311 3812 449 3890 mysteria
473 3834 536 3872 non
563 3813 628 3873 sine
647 3825 777 3873 tremore
797 3813 941 3893 quodam,
972 3811 1055 3894 quasi
1074 3831 1181 3872 numen
1201 3811 1278 3893 ipsut

168 3886 563 4025 assaturam
577 3889 654 4027 ar
1217 3909 1278 4028 s.

169 4049 316 4115 tractans,
341 4039 371 4099 in
398 4061 457 4120 quo
482 4041 590 4102 Paulus
615 3987 756 4103 eollesiae
774 4041 941 4121 presinae
963 4041 1110 4116 valedicit,
1128 4051 1246 4102 testatus
1268 4059 1278 4106 t

170 4133 238 4176 enm
257 4136 320 4176 non
340 4135 412 4190 esse,
433 4118 482 4196 qui
503 4119 638 4180 adversus
658 4121 705 4178 Mn
728 4119 861 4179 istratum
882 4138 1013 4210 pugnare
1032 4119 1122 4179 sciret
1139 4130 1191 4178 ant·
1205 4117 1278 4180 doct

170 4203 228 4266 ret,
247 4201 426 4273 coetumque
446 4192 542 4256 multis
562 4194 659 4256 verbis
678 4139 861 4266 colonatus,
881 4207 916 4254 ut
934 4215 966 4254 an
986 4213 1020 4256 ea
1040 4214 1125 4276 quam
1145 4193 1278 4266 audivisse

171 4267 307 4332 doctrin
325 4281 541 4352 perseveraret,
566 4271 685 4336 undem
709 4269 800 4334 veluti
823 4281 1001 4352 postrema
1024 4271 1101 4336 hauc
1123 4273 1278 4336 concinnet
