2522 4852
264 269 411 348 (il-22
431 266 580 332 Simeonis
599 265 781 350 prophetia.)
1048 259 1089 340 'il'

19 413 100 485 ultio,
116 431 182 494 qnae
197 431 256 472 rem
276 413 372 474 sensui
391 423 496 473 nostro
517 412 649 474 odiosam
671 411 800 495 mitiget:
825 407 886 474 hoc
906 415 984 476 enim
1002 401 1089 478 triste

18 503 43 550 st
55 491 146 560 auditu,
162 491 184 550 si
203 489 270 550 nihil
289 490 368 549 aliud
388 490 527 566 addatur,
552 489 702 551 Christum
723 509 785 549 esse
805 489 931 570 lapidem
951 493 1088 568 scandali,

16 569 97 700 gusua
123 566 218 659 duritie
247 587 380 644 magnam
413 565 566 658 hominum
597 578 711 646 partem
741 565 858 658 franget
883 589 916 630 ac
942 581 1088 630 conteret.

16 642 1090 804 it.:ll'ihlhittlltlhtti‚ittiihilttsitlll't}

15 808 39 862 lt
52 797 107 870 tt),
128 795 278 856 murinum
304 797 483 856 exercituum
504 795 696 869 sanctificate,
727 795 765 856 sit
790 798 852 876 ipse
872 799 964 857 timor
982 811 1089 874 vester,

17 875 89 932 nuit
109 871 183 932 robis
205 873 234 931 in
259 873 453 933 sanctuarium
477 871 524 932 vei
550 893 647 932 arcem
678 873 830 932 munitam.
884 873 996 934 Clarius
1017 896 1089 937 vero

16 947 91 1020 Petrus,
107 949 147 1007 hd
165 969 248 1028 quem
269 951 441 1024 accedentes
462 949 587 1030 lapidem
600 950 706 1023 virum,
726 949 763 1008 ab
783 947 951 1012 bominibus
970 953 1089 1032 quidem
1107 1009 1109 1013 .

17 1025 166 1104 reprobatum,
195 1047 210 1084 a
235 1025 304 1085 Deo
331 1039 430 1085 autem
455 1026 581 1084 eiectum
609 1036 638 1085 et
662 1025 827 1085 honorifice
852 1041 1002 1105 evectum,
1033 1029 1089 1110 ipsi

17 1113 104 1178 bassan
125 1102 225 1181 lapides
251 1103 309 1164 viri
333 1101 623 1184 superaedificamini.
682 1101 757 1161 Nam
782 1103 823 1164 sic
848 1105 981 1164 continet
1007 1105 1089 1166 Scri·

18 1192 75 1254 ¹stara,
89 1177 152 1238 Ecce
171 1200 247 1259 pono
268 1181 297 1238 in
322 1179 395 1239 Sion
417 1177 541 1258 lapidem
562 1177 742 1260 angularem,
762 1179 930 1260 probatum,
952 1181 1091 1258 electum,

17 1257 137 1328 peissun:
165 1257 212 1334 qui
232 1256 394 1316 crediderit
413 1255 442 1314 in
464 1275 516 1329 eo,
541 1272 602 1314 non
626 1255 765 1335 pudehet.
805 1257 899 1317 Vobis
925 1279 997 1340 ergo
1023 1279 1089 1319 cre-

17 1330 255 1410 testihrspretiosus
284 1344 348 1392 est:
379 1351 442 1392 non
466 1331 655 1402 credentibus
682 1342 794 1406 autem,
826 1332 1009 1416 lapis-quem
1039 1348 1090 1395 re-¹

19 1408 158 1482 probaverunt
185 1408 394 1482 aedificantes,
424 1419 481 1468 ete.
512 1407 551 1486 (l.
578 1407 657 1467 Petr.
681 1415 716 1480 2,
741 1413 835 1475 4—8.
867 1412 923 1470 les.
946 1417 999 1487 28,
1029 1416 1089 1490 16.)

21 1483 69 1560 laga
85 1505 112 1541 ne
127 1485 271 1544 Christum
299 1485 386 1545 uobis
413 1484 626 1544 formidabilem
647 1486 751 1544 reddat
770 1485 900 1568 elogium
919 1486 1007 1562 illud,
1028 1509 1088 1569 quo

24 1561 229 1622 simsebinus
257 1562 333 1641 lapis
358 1562 501 1635 scandali,
522 1561 618 1621 statim
639 1581 656 1620 e
677 1562 802 1642 regione
823 1577 974 1638 occurrat,
994 1565 1089 1646 ipsum

27 1653 96 1711 nequ
106 1639 191 1697 vocari
211 1638 341 1718 lapidem
361 1637 540 1718 angularem,
561 1657 619 1717 qno
639 1638 801 1698 sustinetur
819 1641 936 1722 piomm
957 1643 1091 1702 omniurn

24 1711 74 1766 alu
97 1711 147 1772 lino
165 1727 332 1790 succurrat,
353 1713 425 1774 illud
444 1721 511 1774 ‘esse'
533 1713 729 1788 accidentale,
756 1715 812 1776 boc
836 1735 908 1777 vero
929 1719 1089 1800 genuinum

20 1791 172 1925 altit·
221 1791 517 1928 liiid'i‘i‘:
543 1792 672 1927 lill't-
687 1803 746 1928 ‘l’
760 1793 869 1930 ..lid-
883 1812 943 1887 ‘¹⁰⁵'
965 1807 1090 1931 'til'

17 1937 86 1997 sinan
100 1889 242 2016 stilusriniit
264 1891 327 2024 ἕυο
348 1889 547 2003 i'gssmanrepp
562 1892 702 2024 expediat.
740 1889 821 2006 huie
840 1891 1093 2032 rilligo'irretirgeiid

17 2029 131 2078 taedeo
171 2033 238 2096 rtet,
259 2041 348 2102 quam
367 2022 466 2080 vivere
485 2021 635 2101 incipiant.

60 2098 94 2158 ὅ
135 2097 585 2172 manimunpmmgindius.
607 2097 855 2161 llaecadmouitio
869 2101 903 2161 ad
916 2100 1092 2162 confirmata-¹

16 2165 155 2233 inauratae
171 2177 294 2258 virginis
306 2175 434 2234 animum
448 2175 544 2234 valere
557 2174 667 2248 debuit,
681 2195 718 2234 ne
731 2179 860 2236 moerori
877 2177 1092 2256 succumberet,

15 2245 140 2308 riisrntnna
158 2265 233 2312 esset
253 2252 291 2312 ad
313 2262 371 2310 tam
392 2271 473 2312 acres
494 2273 616 2333 pugnas,
629 2271 703 2330 quae
717 2252 759 2311 illi
776 2251 897 2312 luerunt
911 2255 1093 2314 subeundae.¹

16 2322 123 2384 timeum
140 2330 190 2387 etsi
209 2329 300 2389 variis
319 2327 533 2388 tentationibus
560 2331 666 2409 agitata
687 2329 742 2387 luit
762 2341 792 2388 et
811 2340 908 2390 vexata
929 2332 990 2389 eius
1010 2331 1092 2406 fides,

16 2401 134 2462 aaran·
150 2417 246 2465 tamen
267 2404 314 2466 illi
334 2425 400 2463 cum
421 2423 510 2464 cruce
529 2417 676 2464 certamen
698 2405 766 2466 luit:
789 2405 924 2465 Christus
936 2406 1092 2468 exstinctus

16 2473 69 2534 sileri
84 2492 195 2557 poterat.
238 2481 306 2542 Etsi
331 2492 428 2540 autern
454 2501 593 2542 moerore
614 2501 763 2560 nunquam
783 2481 920 2561 absorpta
941 2482 1008 2556 luit,
1029 2503 1091 2540 uon

16 2561 74 2610 isara
89 2575 190 2616 saxeum
214 2559 270 2618 luit
292 2557 355 2616 eius
379 2569 498 2638 pertus,
530 2558 599 2638 quin
631 2560 759 2640 graviter
783 2557 976 2635 sauciaretur,
1007 2559 1092 2620 sicuti

15 2633 126 2691 muntia
144 2635 323 2694 Sanctorum
345 2653 360 2692 a
380 2647 501 2715 stupore
521 2635 643 2693 multum
665 2635 773 2694 diiiert.
818 2633 1034 2712 Utrcregnntnr
1051 2655 1094 2694 rs)

14 2703 209 2770 nuscuntur
226 2713 426 2786 wgirndmes.
478 2709 607 2784 Quidam
639 2711 696 2772 boc
721 2711 884 2771 membrum
909 2723 1094 2776 connectunt

13 2800 52 2838 tm
66 2785 101 2845 illa
117 2791 260 2848 nolentia
281 2789 370 2868 magis
390 2799 518 2848 remon:
540 2788 619 2867 quod
641 2789 774 2848 Christus
793 2789 905 2869 positus
925 2790 963 2851 sit
982 2789 1012 2849 in
1033 2789 1094 2848 rui-

14 2874 121 2926 'tuuc
167 2865 346 2924 Parenthrsi
373 2863 541 2938 includunt,
572 2865 651 2943 quod
682 2865 812 2945 proxime
840 2867 1026 2946 exposuimus
1056 2865 1094 2926 de'

13 2931 87 3010 utto,
109 2940 154 3000 sed
180 2961 251 3002 meo
277 2939 385 3001 iudicio
410 2941 499 3000 satius
523 2951 567 3000 est
587 2941 621 3000 ad
647 2953 742 3001 totum
767 2942 950 3021 complexum
971 2943 1093 3005 reterre.

14 2998 113 3076 lstisala
129 3039 199 3078 vero
218 3031 254 3078 rsa
273 3039 335 3078 noo
356 3015 403 3078 bic
423 3028 467 3076 est
487 3019 607 3109 proprie
627 3018 763 3091 causalis,
783 3018 833 3079 sed
854 3031 965 3080 tantum
988 3037 1093 3079 conse·

13 3092 114 3163 poian
130 3107 221 3156 rotat.
264 3095 340 3154 Nam
359 3113 448 3174 quum
470 3107 600 3154 exoritur
618 3094 665 3154 lux
675 3095 835 3178 Evangelii,
856 3107 885 3154 et
903 3095 1010 3155 deinde
1029 3115 1094 3154 sur-

13 3179 56 3238 sut
69 3173 317 3252 persequutiones,
346 3170 431 3232 simul
456 3183 613 3252 emergunt
632 3171 765 3232 cordium
792 3171 916 3232 allectus
937 3183 1021 3230 antea
1041 3189 1094 3229 oc—

16 3243 63 3300 uli:
79 3269 135 3307 nam
152 3248 225 3309 tales
245 3261 315 3309 sunt
334 3247 476 3308 humanae
488 3247 679 3308 simulationis
699 3247 839 3322 latebrae,
859 3259 893 3306 ut
912 3246 997 3307 iaciie
1017 3257 1095 3306 extra
1169 3263 1177 3282 ‘

18 3317 116 3384 lhistum
134 3325 255 3386 lateam.
300 3325 361 3386 Sed
383 3323 517 3385 Christus
544 3325 610 3384 luce
633 3345 683 3384 sua
710 3325 793 3384 iocos
813 3343 916 3384 omnes
942 3321 1095 3404 abstergit,

14 3395 180 3478 fllypetrisin
201 3402 342 3462 denudat.
381 3400 455 3460 Ideo
475 3404 539 3461 iure
558 3400 602 3460 illi
621 3400 762 3460 tribuitur
775 3401 905 3462 officium
925 3398 994 3474 boc,
1014 3399 1096 3480 quod

14 3489 149 3552 *mm
196 3479 310 3540 rol'erat
333 3497 437 3539 areana
463 3477 569 3538 cordis.
618 3477 679 3536 Sed
704 3476 756 3536 ubi
781 3477 815 3537 ad
842 3475 1006 3537 doctrinam
1027 3495 1096 3536 crux

13 3553 98 3626 aaut,
119 3501 206 3616 eorda
226 3557 319 3637 magis
339 3555 374 3614 ad
394 3554 490 3614 vivum
511 3553 662 3614 examinat.
705 3554 780 3613 Nam
806 3553 856 3634 qul
882 3566 1001 3612 externa
1025 3573 1098 3633 pro·

14 3620 98 3689 ῐνκὶοιιε
114 3633 263 3694 Christum
283 3631 405 3712 amplexi
431 3642 531 3706 erant,
562 3630 726 3690 abhorrent
750 3652 767 3691 a
792 3630 914 3690 ierenda
939 3649 1042 3704 cruce,
1066 3638 1097 3688 et

11 3703 52 3832 gip
67 3705 209 3842 [gelasiana
231 3710 333 3769 vident
350 3707 512 3770 subiectam
537 3708 622 3767 variis
646 3708 806 3784 aerumnis,
834 3708 991 3767 stationem
1016 3725 1097 3768 suam

17 3797 65 3838 sne
97 3799 218 3846 eserunt.

59 3865 97 3922 bi.
119 3859 194 3921 Erat
212 3859 330 3922 Hunno
343 3857 537 3937 prophetissa.
563 3859 648 3920 Duos
666 3869 780 3920 tantum
802 3871 936 3920 recenset
955 3859 1060 3936 Lucas,
1081 3879 1098 3921 a

10 3931 83 4000 tribus
103 3951 234 4019 exceptas
259 3939 350 3998 suerit
371 3937 519 3998 Christus:
550 3937 639 4016 idque
665 3955 701 3996 eo
728 3936 866 4012 consilio,
898 3949 932 3996 ut
956 3938 1098 3996 discamus

11 4015 45 4062 'ab
60 4015 155 4074 mundo
176 4016 325 4096 praeferre
346 4015 425 4096 quod
438 4015 495 4072 Dei
515 4025 569 4086 est,
591 4012 774 4094 quantumvis
794 4015 831 4072 sit
851 4011 995 4092 exiguum.
1027 4013 1098 4072 Erat

10 4091 172 4166 tuaequidexx
193 4095 222 4152 in
242 4091 345 4152 scribis
366 4103 394 4150 et
414 4091 615 4151 sacerdotibus
636 4109 757 4172 magnus
769 4090 924 4170 splendor:
945 4089 995 4148 sed
1009 4107 1099 4167 quum

11 4163 161 4228 ¹*siurone
180 4181 210 4227 et
229 4170 334 4228 llauna
359 4169 503 4228 resideret
525 4167 582 4226 lici
600 4167 746 4247 Spiritus,
781 4187 841 4246 quo
869 4185 992 4258 prorsus
1019 4161 1101 4252 vacui

11 4250 67 4296 ΜΝ
82 4245 234 4326 principes,
255 4245 320 4326 plus
341 4245 400 4305 duo
419 4245 466 4303 isti
486 4243 542 4304 soli
561 4253 712 4303 merentur
730 4253 927 4314 reverentiae,
948 4259 1032 4318 qoam
1054 4259 1099 4294 m-

12 4327 57 4394 im
73 4337 164 4381 soram
184 4323 279 4400 turba,
300 4322 351 4400 qui
370 4333 487 4381 tantum
505 4321 640 4380 inanibus
660 4319 745 4379 larris
761 4319 945 4398 superbiunt.
971 4315 1035 4372 llac
1055 4331 1102 4372 ra·

13 4396 234 4477 lunt“primitur
242 4400 369 4464 limnas
380 4409 469 4475 adas
488 4409 519 4460 st
531 4395 733 4480 prophetissae
751 4395 840 4458 titulo
851 4401 989 4455 ornum:
1008 4388 1101 4450 tertio
