2596 4840
303 205 504 272 merone
524 209 825 274 nantcaroum.
1080 223 1122 274 m

47 356 238 419 emotionem
263 354 348 440 apud
365 377 426 424 ros
452 357 580 425 invehit
594 379 720 424 eornm
747 361 881 424 seriem:
912 353 1117 444 nequidem

44 456 74 521 lut
88 473 173 538 nuper
189 463 315 521 testatus
335 460 420 536 sum)
449 457 492 524 ad
519 459 694 525 dicandum
714 458 811 526 vobis
837 457 1051 522 hunc'rneum
1071 455 1117 521 la-

42 547 119 614 buren
136 551 258 639 inpulit.
308 555 366 622 Est
392 571 500 625 antem
522 562 770 625 commentarius
793 561 828 624 in
848 559 1060 624 Harmoniam
1078 576 1118 622 ox

41 649 109 714 tribus
123 651 322 740 Ermgehstis
342 669 525 725 contextam
544 683 563 724 a
583 681 635 724 me
656 681 776 726 summa
799 658 866 724 fide
887 661 1024 745 parique
1044 655 1118 722 dili-

41 753 111 832 gutia
128 751 313 821 elaboratus:
332 759 366 824 in
388 780 454 845 quo
475 769 583 826 tamen
606 769 808 846 quantopere
829 759 1023 835 sudaverim,
1043 756 1117 822 lon·

41 855 83 930 p'ns
103 852 207 920 reterre
230 857 311 922 nihil
332 863 460 939 attinet,
500 861 579 947 quid
600 881 680 926 vero
702 860 839 946 adeptus
869 863 944 940 siin,
977 856 1115 924 aliorum

42 952 229 1020 stoindicinm.
268 959 441 1044 Ingenuus,
463 959 580 1026 doctos
592 970 625 1026 et
637 961 790 1028 cordatos
802 959 944 1026 lectores
956 958 1115 1044 intelligo,

41 1071 92 1132 pu
106 1073 156 1118 nec
178 1054 332 1124 barbarus
354 1059 516 1127 discendi
530 1062 641 1148 pudor
659 1084 678 1127 a
698 1059 806 1127 studio
827 1060 994 1148 proiectus
1013 1062 1115 1146 inpe-

41 1147 111 1226 litet
126 1160 287 1224 communis
308 1159 432 1226 utilitas
452 1160 600 1228 delectat.
647 1163 730 1228 Nam
751 1181 925 1248 perversos
942 1159 1115 1247 malignos·

40 1271 80 1332 que
96 1253 254 1324 nebulones
284 1263 372 1340 (non
398 1259 499 1326 modo
525 1262 706 1330 cucullatos
733 1261 910 1328 monachos
937 1259 1027 1338 dico,
1056 1259 1114 1347 qui

40 1371 79 1434 po
90 1355 182 1422 tuenda
195 1359 302 1446 Papae
324 1361 503 1447 tyrannide
523 1360 649 1428 bellum
669 1361 777 1450 pelam
797 1361 967 1428 nohisuun
989 1369 1114 1446 genunt,

43 1450 80 1562 fel
90 1453 231 1538 degeneres
253 1460 358 1538 lucos,
381 1463 438 1548 qui
459 1461 557 1528 nohis
578 1465 735 1549 permixti,
756 1462 832 1529 dum
853 1460 1013 1548 tegendae
1033 1481 1113 1526 suae

47 1559 178 1633 miae
199 1559 343 1626 latebras
365 1571 500 1646 captant,
520 1585 649 1629 ornnem
670 1563 795 1628 vellent
816 1562 985 1628 doctrinae
1005 1559 1113 1627 lucem

47 1657 179 1736 mean)
207 1659 292 1726 nihil
328 1683 449 1729 moror.
514 1663 731 1749 Quantumris
762 1666 847 1730 enim
877 1673 1031 1750 proterve
1061 1679 1114 1726 me

42 1749 149 1835 alienent,
169 1761 200 1822 in
220 1771 378 1848 promptu
399 1785 527 1851 semper
549 1769 610 1830 erit
635 1768 797 1850 exceptio,
823 1787 875 1830 me
903 1785 1016 1830 eorum
1037 1781 1113 1826 cen-

38 1873 98 1918 surae
113 1879 199 1945 neque
220 1861 340 1927 divino
360 1884 468 1950 neque
490 1865 631 1931 humano
655 1869 726 1931 iure
747 1887 818 1932 csse
840 1863 1031 1941 obnoxium,
1056 1861 1114 1949 qui

38 1973 79 2018 non
90 1961 314 2048 uinusproptcr
335 1963 553 2030 foedissimam
567 1969 723 2032 inscitiam
741 1966 853 2045 ferula,
871 1987 965 2055 quam
979 1971 1114 2050 propter

38 2051 169 2124 obstinatam
196 2062 342 2129 malitiae
376 2075 408 2130 et
434 2066 654 2153 impudentiae
690 2066 840 2133 duritiem
868 2064 999 2150 llagello
1023 2061 1113 2145 digni

37 2167 88 2219 unt
116 2159 184 2226 Sane
203 2173 239 2227 ut
259 2162 434 2230 Ecclesiae
445 2167 511 2233 Dei
531 2167 730 2254 prodessem,
750 2191 802 2234 me
823 2166 956 2233 fidelem
978 2187 1112 2252 operam

39 2253 133 2336 dedisse,
159 2266 225 2328 sine
253 2271 434 2332 iactantiae
466 2271 575 2355 specie
604 2270 752 2357 profiteri
777 2269 855 2334 mihi
880 2265 1002 2332 licebit.
1042 2267 1111 2330 Iam

42 2369 83 2419 ute
95 2357 237 2430 biennium
252 2367 383 2453 prodiit
399 2367 537 2434 loannes
549 2391 620 2434 cum
633 2391 706 2434 mee
718 2370 995 2455 interpretatione,
1015 2387 1111 2452 quam

44 2473 82 2518 ltu
103 2463 180 2528 luisse
212 2466 367 2532 inutilem
403 2469 546 2535 conlido.
602 2470 657 2535 Sic
685 2492 762 2556 ergo
790 2479 941 2554 tanquam
967 2486 1113 2560 unus‘ex

41 2565 192 2642 bunuorum
221 2589 366 2634 numero
389 2567 552 2636 Christum
579 2573 676 2657 regiis
703 2573 770 2636 suis
793 2568 958 2658 quadrigis
982 2575 1112 2632 vectum

38 2663 161 2744 hephes,
185 2667 300 2754 quoad
327 2667 456 2734 ferebat
479 2669 583 2736 virilis
605 2692 678 2738 rues
698 2669 849 2752 facultas,
868 2667 1035 2736 celebrare
1056 2687 1111 2734 co·
1142 2743 1147 2751 ¹

36 2771 93 2824 litu
110 2787 179 2848 sum,
209 2791 274 2836 nec
311 2771 471 2854 ingenuos
492 2769 649 2851 lectores,
681 2770 740 2837 ubi
767 2793 840 2838 mea
874 2792 976 2858 opera
1008 2767 1112 2834 adiuti

35 2855 115 2942 herini,
130 2867 214 2934 lateri
226 2867 366 2958 pigebit,
386 2870 495 2936 studio
517 2870 725 2958 respondisse
739 2871 846 2959 aliqua
868 2895 907 2938 ex
926 2879 1019 2958 parte
1040 2889 1111 2934 suo·

33 2981 119 3030 m·
151 2969 381 3058 Evangelicam
407 2969 572 3036 historiam
600 2985 779 3059 aquatuor
798 2970 934 3038 testibus
955 2970 1109 3036 divinitus

34 3061 138 3132 emsa,
154 3073 317 3156 proditam
341 3071 504 3158 quadrigis
532 3091 600 3138 non
629 3071 687 3137 abs
708 3095 745 3139 re
772 3093 943 3160 comparo,
971 3073 1046 3157 quia
1069 3091 1110 3136 ex

35 3175 76 3240 pu
91 3173 299 3260 eoncinnaque
322 3171 384 3237 hae
404 3172 717 3238 harmoniavidetur
738 3171 993 3239 consultoDeuc
1015 3169 1109 3255 quasi

37 3267 198 3352 unplalem
220 3296 351 3340 comum
373 3273 460 3338 Filio
487 3295 547 3339 suo
569 3295 714 3360 parasse,
746 3273 835 3339 unde
869 3274 928 3342 toti
959 3268 1108 3336 fidelium

33 3365 110 3446 sputo
127 3377 317 3459 conspicuus
336 3384 506 3460 appareat,
526 3383 558 3438 et
579 3376 670 3440 cuius
692 3372 857 3438 celeritate
877 3381 1033 3436 terrarum
1056 3389 1109 3434 or·

31 3455 73 3526 lm
91 3470 257 3553 perlustret.
309 3475 383 3540 Nec
406 3497 488 3540 vero
513 3477 627 3541 inscite
654 3475 851 3560 Augustinus
875 3472 962 3539 tubis
986 3467 1109 3536 similes

32 3557 75 3628 biit
95 3585 218 3656 quatuor
249 3572 489 3661 Evangelistas,
521 3597 656 3663 quarum
688 3573 822 3660 clangor
851 3593 964 3640 omnes
993 3571 1108 3638 mundi

31 3658 99 3748 litu
115 3673 248 3761 impleat,
266 3685 305 3742 ut
324 3674 365 3741 ah
378 3675 526 3755 Oriente,
549 3675 684 3755 Occasu,
706 3673 858 3754 Meridie,
876 3674 1106 3762 septentrione

29 3781 163 3840 ntecrruu
192 3775 276 3842 fidei
304 3797 497 3842 consensum
524 3779 626 3843 accite
650 3775 801 3842 Ecclesia
827 3773 979 3842 confluat.
1025 3773 1104 3860 Quo

29 3881 95 3933 snm
111 3873 283 3942 tolerabilis
304 3887 353 3944 est
378 3876 499 3943 insulsa
525 3899 637 3944 eorum
658 3879 843 3956 curiositas,
874 3879 930 3964 qui
956 3873 1106 3941 coelesti-

29 3959 65 4028 las
87 3973 143 4040 istis
164 3981 351 4062 praeconiis
376 4001 444 4046 non
471 3981 616 4044 contenti
644 3977 775 4068 putidas
799 3999 900 4062 nugas
926 3973 1106 4042 obtrudunt

29 4062 65 4128 ub
79 4069 229 4164 Evangelii
255 4083 402 4159 nomine,
427 4101 512 4168 quae
539 4078 622 4144 nihil
650 4077 740 4146 aliud
761 4100 856 4165 quem
882 4075 964 4143 fidei
984 4080 1105 4163 penite·

31 4175 282 4260 “mutaminanh
302 4191 335 4246 et
349 4180 471 4248 Christi
491 4202 612 4247 nomen
626 4189 791 4269 exponunt
809 4181 980 4266 impiorum
995 4175 1106 4244 sannis

31 4265 190 4348 &ludum
231 4282 305 4348 Vos
326 4291 447 4364 autem,
473 4283 738 4372 praestantissimi
756 4284 832 4362 viri,
853 4277 986 4370 quando
1007 4283 1040 4340 et
1061 4269 1103 4340 ab
