2504 4852
328 253 410 334 (tes.
447 251 496 314 De
513 250 708 356 ‹lispeusatore
727 251 852 333 callido.)
1118 259 1157 324 dd

28 405 167 466 bonorum
189 403 336 480 omnium,
357 424 431 485 quae
449 403 534 466 uobis
554 403 681 482 confert,
711 405 914 500 dipensationi
937 425 991 468 nos
1016 405 1157 486 praeliciat
1243 475 1245 478 ,

26 483 116 556 fleus,
134 479 182 543 bic
200 481 285 542 uobis
305 481 378 542 ratio
396 481 614 574 praescribitur,
634 504 706 574 quae
726 483 803 558 olun,
823 506 909 564 quum
930 485 965 544 ad
986 485 1156 546 reddendam

26 557 163 618 rationem
187 569 306 620 ventum
331 555 431 632 fuerit,
450 579 472 618 a
495 579 607 620 summo
630 580 728 640 rigore
752 580 806 620 nos
827 559 965 622 sublevet.
1010 562 1083 620 Nam
1108 561 1158 640 qui

121 645 148 710 t,
168 633 363 715 eleemosynas
382 635 417 696 ad
437 631 561 696 luxuriae
579 655 612 696 ac
630 635 782 698 dissolutae
801 637 875 697 vitae
895 637 1156 718 compensationem

63 733 130 784 ere,
154 731 217 770 non
233 709 301 770 satis
322 711 500 792 expendunt,
520 709 576 772 hoc
593 712 687 792 primo
707 713 790 774 uobis
809 713 935 794 inimagi,
959 725 992 774 ut
1010 712 1106 774 sobrie
1126 723 1157 776 ct

24 786 514 943 ementiendis
525 788 805 924 ttttt'tdt‘
815 790 928 926 titt?
943 790 1155 926 iiiiii?

25 941 112 1021 posita
129 939 207 1022 apud
225 959 256 1001 se
275 939 353 1000 bona
375 938 519 1022 dilapidet,
536 939 659 1019 ideoque
677 939 724 1002 vel
737 887 814 1015 gelasi
836 942 885 1022 qui
906 963 1043 1002 summam
1067 940 1157 1023 parsi-

25 1016 146 1078 nou’nru
175 1013 289 1090 colunt,
320 1036 384 1077 non
404 1037 522 1097 prorsus
546 1035 563 1076 a
585 1015 658 1078 mala
681 1017 890 1099 dispensatione
917 1040 979 1080 esse
1005 1018 1157 1078 immunes.

24 1095 99 1154 ddde
121 1091 202 1174 quod
219 1089 388 1174 multiplices
408 1103 475 1154 suut
493 1093 636 1153 donorum
651 1093 707 1154 Dei
726 1093 836 1169 abusus,
856 1106 889 1156 ut
907 1093 1016 1175 eulpam
1035 1093 1081 1154 alii
1099 1094 1156 1154 alin

25 1171 106 1230 uodo
126 1167 317 1230 contrabant:
347 1188 408 1228 non
433 1187 510 1252 nego
534 1169 618 1230 mum
642 1167 725 1249 quin,
754 1181 841 1252 prout
864 1171 947 1230 nobis
970 1171 1089 1232 vitiosae
1112 1171 1156 1236 di-

120 1243 442 1318 tiouissummeonscii,
462 1244 518 1306 boc
537 1265 591 1306 nos
608 1245 642 1304 ad
657 1243 750 1306 officia
770 1246 891 1308 caritatis
910 1247 999 1329 magis
1011 1245 1156 1308 stimulare

102 1333 126 1382 t.
167 1321 227 1384 Sed
249 1321 321 1382 alius
339 1318 402 1380 linis
421 1321 504 1382 nobis
524 1341 579 1403 pro
619 1321 689 1382 situs
709 1341 770 1383 esse
788 1321 889 1396 dehet,
908 1344 992 1403 quam
1009 1335 1044 1382 ut
1060 1321 1158 1384 soluto

25 1396 226 1480 rslmptionis
248 1397 343 1478 pretio
370 1396 538 1478 effugiamus
592 1397 619 1457 ei
642 1397 794 1472 iudicium,
824 1419 927 1480 nempe
951 1412 984 1460 ut
1006 1399 1156 1461 liberalitas

25 1477 88 1536 tae
108 1485 270 1554 sancteque
288 1471 382 1534 locata
400 1473 556 1554 superfluas
574 1472 714 1554 impensas
737 1474 832 1534 frenet
850 1477 1016 1536 tantundem
1036 1497 1068 1536 ac
1088 1497 1156 1536 cor-

31 1552 105 1634 t'gat:
125 1551 242 1624 deinde,
260 1561 294 1611 ut
312 1560 412 1610 nostm
431 1569 499 1631 erga
519 1549 620 1610 fratres
639 1548 796 1612 hnmanitas
812 1551 867 1612 Dei
885 1551 1106 1612 misericordiam
1125 1551 1157 1611 in

30 1638 250 1718 ruoprnuocet.
294 1624 394 1701 Quare
417 1624 464 1686 bic
487 1625 604 1715 minime
629 1626 767 1708 effugium
790 1628 915 1718 ostendit
934 1629 1074 1718 Dominus
1098 1626 1157 1716 suis

26 1703 271 1853 ffltdii
294 1711 476 1840 {ts‘dtttt
498 1700 739 1840 liiiiiib‘lii
757 1703 1158 1853 :bellttttttdttd

23 1877 82 1918 nae
107 1875 235 1937 poenam
258 1853 349 1946 luant,
378 1855 403 1915 si
427 1855 598 1944 deprehensi
624 1854 745 1930 fuerint,
772 1857 829 1918 Dei
854 1857 931 1946 bona
953 1855 1156 1946 ingurgitando

25 1933 126 1994 urbam
147 1930 355 1993 beneticentiae
375 1950 491 2011 operam
509 1931 629 2020 dedisse.
675 1933 845 1994 Tenendum
864 1955 940 1994 emm
954 1954 1072 2015 semper
1088 1931 1157 1992 dlud

25 2023 76 2082 est,
99 2009 186 2146 ¹ssrraa
251 2006 259 2022 '
293 2027 330 2070 ue
355 2026 490 2068 mensura
515 2005 575 2068 ahu
603 2027 716 2070 mensus
747 2000 850 2085 fuerit,
885 2010 912 2072 ei
941 2029 1092 2091 repensum
1120 2007 1157 2068 iri

23 2088 216 2224 imbelli.
238 2083 556 2221 dinnastinensem.
586 2159 643 2222 Hie
658 2158 742 2220 etiam
756 2181 875 2222 cernere
887 2172 1053 2242 promptum
1067 2169 1118 2234 est,
1132 2158 1158 2219 si

47 2239 65 2328 J
106 2237 139 2298 iu
160 2235 281 2327 siugulis
305 2236 450 2327 particulis
474 2237 599 2326 insistat,
623 2235 709 2326 stulte
733 2237 881 2328 facturum.
924 2239 998 2327 Nam
1015 2257 1103 2316 quum
1123 2256 1159 2296 ex

23 2257 116 2376 gno
135 2311 179 2374 lar
201 2335 248 2386 ιιι,
271 2333 319 2372 res
337 2333 455 2374 minume
474 2324 512 2374 sn
529 2311 610 2374 laude
627 2314 726 2450 digna,
754 2335 816 2394 quas
837 2333 929 2449 aeguo
953 2332 1047 2372 ammo
1072 2311 1159 2430 feret,

24 2391 54 2450 ab
75 2393 152 2471 impr
236 2387 381 2450 nebulone
404 2389 459 2450 sibi
486 2389 570 2469 eripi,
597 2409 654 2468 quo
697 2409 751 2470 pro
781 2411 830 2449 sua
853 2388 872 2448 li
894 2389 970 2450 idine
994 2388 1152 2448 condonet.

24 2467 85 2528 idne
111 2479 196 2528 certe
220 2465 305 2526 nium
330 2464 416 2526 crassi
437 2466 560 2548 stuporis
584 2463 673 2538 foret,
696 2464 747 2524 ubi
770 2463 942 2528 substantiae
961 2483 1028 2526 suae
1066 2474 1159 2524 artem

59 2543 67 2557 ⁹
101 2542 158 2602 iana
190 2540 329 2624 direptam
358 2541 476 2616 viderit,
512 2541 589 2620 quod
614 2541 757 2602 residuum
786 2552 829 2602 est
853 2541 906 2602 sibi
932 2540 1010 2600 furto
1071 2539 1158 2600 turm

24 2565 136 2709 mue
163 2617 302 2678 donatum
329 2617 461 2698 probare.
505 2617 563 2678 Sed
587 2616 644 2678 boc
667 2615 887 2692 tantumnoluit
908 2617 1054 2691 Christus,
1080 2615 1158 2696 quod

23 2695 134 2756 abunt
154 2694 296 2754 continuo
320 2705 399 2774 post,
427 2691 558 2754 homines
581 2691 718 2774 profanos
738 2705 768 2755 et
785 2695 893 2754 mundo
912 2695 1037 2755 addictos
1056 2691 1087 2752 iu
1107 2713 1157 2752 cu-

25 2773 115 2832 randis
140 2769 220 2831 vitae
243 2770 367 2832 caducae
391 2769 548 2830 rationibus
573 2769 663 2851 magis
692 2788 753 2832 esse
780 2769 934 2832 industrios
962 2783 990 2832 et
1019 2769 1157 2843 sollertes,

24 2869 103 2928 paru
127 2845 179 2908 lilii
198 2846 256 2908 Dei
274 2847 311 2907 de
333 2845 450 2908 coelesti
469 2858 641 2926 aeternaque
658 2845 723 2914 rita,
735 2845 849 2909 solliciti
872 2847 942 2920 sint,
968 2845 1014 2908 rel
1037 2847 1072 2906 ad
1097 2843 1164 2906 eius

25 2925 145 2984 nulium
165 2933 197 2984 et
216 2922 431 2984 meditationem
454 2921 571 2984 intenti.
609 2923 672 2983 Hae
692 2923 767 2984 enim
787 2925 998 3006 comparatione
1017 2921 1157 3005 ignaviam

25 3013 148 3060 maram
166 2998 232 3092 plus
250 3019 335 3079 ιιιιιιιι
354 2999 506 3062 socordem
528 2996 611 3060 uobis
630 2999 797 3080 exprobrat,
837 3000 893 3060 und
912 2999 1010 3060 saltem
1029 3019 1091 3058 ιιοιι
1109 3017 1156 3058 ae-

24 3097 77 3156 μ
102 3077 191 3138 notu
212 3074 401 3156 prospicimus
426 3074 620 3149 infuturum,
644 3095 677 3135 ac
695 3075 808 3156 profani
847 3073 956 3137 omines
979 3075 1033 3134 sibi
1050 3073 1080 3132 in
1100 3071 1158 3132 boe

25 3153 129 3214 uuo
148 3149 315 3214 consulunt.
361 3151 456 3227 Quam
477 3149 554 3212 enim
571 3161 656 3231 turpe
676 3163 735 3225 est,
758 3151 831 3212 lilios
850 3149 934 3226 lucis,
958 3149 1058 3229 quibus
1078 3150 1169 3208 Deru.

26 3227 130 3310 &irim
156 3227 307 3306 verboque
330 3247 383 3288 suo
409 3227 543 3310 affulget,
564 3237 682 3307 torpere
705 3247 738 3288 ae
762 3227 909 3309 negligere
927 3248 1006 3306 spem
1025 3236 1158 3286 aeternae

25 3299 204 3366 beatitudinis
223 3303 278 3364 sibi
297 3303 434 3377 oblatam,
454 3325 540 3384 quum
558 3313 617 3362 tam
636 3302 737 3383 cupide
755 3302 888 3364 mundani
909 3301 1037 3364 homines
1056 3301 1091 3360 ad
1108 3319 1158 3360 sua

26 3383 170 3442 musula
195 3379 337 3452 ferantur,
363 3391 476 3470 tamque
500 3377 613 3460 providi
636 3379 694 3440 sint
719 3390 804 3460 atque
822 3379 915 3440 acuti?
951 3379 1026 3438 Hinc
1045 3375 1157 3467 colligi-

26 3477 98 3528 ω,
123 3478 186 3518 nou
212 3455 342 3517 conferri
365 3454 489 3536 Spiritus
516 3466 546 3518 et
569 3455 661 3515 caruis
683 3455 863 3536 prudentiam
891 3455 986 3536 (quod
1010 3475 1069 3514 unu
1095 3472 1158 3512 sine

26 3529 106 3610 ’ῃίιε
125 3531 184 3594 Dei
202 3531 376 3594 contumelia
395 3531 514 3607 fieret),
535 3531 585 3590 sed
604 3542 714 3592 tantum
731 3532 917 3614 expergefieri
937 3529 1042 3604 fideles,
1062 3541 1094 3590 ut
1113 3539 1156 3590 at-

27 3609 127 3670 unum
146 3609 332 3670 considerent
350 3629 422 3688 qius
440 3621 508 3668 suut
527 3606 639 3668 futurae
658 3607 747 3684 ritae,
769 3629 863 3689 neque
885 3607 984 3670 oculos
1008 3607 1043 3667 ad
1064 3609 1156 3668 Evan-

27 3683 90 3762 gebi
109 3685 202 3747 Ιικειιι
221 3683 365 3756 claudant,
390 3706 477 3764 quum
495 3683 626 3756 uideant,
651 3704 754 3745 coecos
776 3684 957 3746 intenebris
983 3705 1044 3745 esse
1067 3682 1158 3776 uragis

28 3761 209 3840 perspicaces.
253 3761 293 3820 Et
315 3759 428 3852 quidem
453 3779 503 3822 eos
521 3758 596 3822 adici
614 3759 704 3842 magis
725 3761 822 3835 decet,
848 3783 935 3842 quum
952 3759 1068 3822 videant
1086 3759 1157 3820 tibus

26 3838 125 3898 nendi
141 3857 197 3927 pro
215 3836 293 3898 ssuaa
311 3847 386 3910 vata,
412 3848 443 3896 et
462 3856 534 3917 quae
552 3847 701 3902 monento
720 3835 870 3917 praeterit,
896 3837 928 3898 iu
947 3835 1064 3922 longum
1083 3847 1158 3898 tem·

27 3931 273 4050 ”willezies
294 3991 378 4050 nodis
400 3993 534 4080 αιιιίωι..
571 3985 663 4079 Sicuti
686 3987 805 4050 antebac
821 3987 996 4080 ⁸nonis-rasit
1018 3987 1157 4059 curatis,

26 4063 157 4128 nerem
175 4067 242 4126 neo
262 4065 372 4126 offerre
390 4086 426 4125 ex
443 4088 459 4125 r
494 4087 562 4139 rms,
581 4077 621 4126 tta
640 4085 717 4126 nune
736 4086 796 4126 non
819 4065 967 4158 intelligit,
991 4064 1037 4126 vel
1054 4064 1157 4142 depre-

26 4149 135 4204 emrea
152 4141 329 4223 quameudos
347 4163 422 4232 esse,
447 4087 493 4204 ezel
511 4153 660 4222 patronos,
684 4141 733 4278 pui
753 4161 806 4204 suo
825 4142 965 4222 praesidio
985 4161 1038 4200 nos
1056 4145 1172 4226 tegant·
1246 4141 1248 4152 '

27 4235 63 4278 at
85 4217 247 4294 defendant,
273 4217 324 4280 scd
352 4217 419 4280 bem
462 4239 478 4280 e
507 4237 557 4278 ero
579 4218 654 4278 ando
695 4238 811 4279 avorena
834 4219 908 4300 apud
930 4217 1026 4278 Deum
1049 4229 1172 4292 acqmrt·

28 4293 127 4366 bae,
152 4295 200 4376 qui
218 4295 418 4358 semisericm
437 4294 498 4356 ibus
520 4237 695 4356 stimans
714 4295 837 4356 vicissim
858 4292 1073 4355 misericordem
1092 4289 1157 4350 fore

27 4369 163 4449 *idt-
203 4369 299 4436 Stulte
317 4389 388 4434 rero
407 4383 438 4434 et
457 4369 590 4448 absurde,
614 4369 662 4452 qui
681 4381 860 4434 mortuorum
878 4368 1012 4450 precibus
1031 4365 1078 4430 vel
1096 4363 1156 4428 suf·
