2524 4856
217 317 294 396 (177.
333 317 380 382 De
399 319 521 383 maximo
540 331 692 405 praecepto
710 323 821 410 Legis.)
1034 328 1095 401 227

12 471 114 556 criptum
138 469 198 534 est?
236 470 403 558 quomodo
431 473 530 560 legis?
592 476 645 542 27.
690 459 749 544 ttte'
777 477 978 568 respondens
1002 482 1090 582 dixit3

11 569 89 656 diliges
106 571 267 638 Donirmm
287 572 395 640 Deum
422 586 510 642 tunm
534 599 571 642 ex
594 588 662 644 toto
685 579 878 661 cordetuo,
908 593 941 650 et
962 608 999 650 cx
1022 597 1089 658 tota

11 676 72 736 mina
89 683 147 752 toa,
172 683 260 740 etex
282 679 357 740 totis
378 677 502 744 viribus
524 682 602 757 tois,
631 693 722 748 etex
744 692 809 749 tota
830 695 935 750 meme
956 697 1025 753 tua:
1055 699 1089 756 et

11 778 135 840 rorirnom
154 784 236 840 tuum
258 778 393 844 sicutte
415 781 529 866 ipsum.
572 783 625 850 26.
651 784 802 874 Dixitque
824 785 882 866 tttt,
914 788 1015 878 Recte
1036 813 1088 858 re-

11 876 126 962 pondisti:
149 877 209 944 hoc
230 879 288 958 iac,
310 889 342 945 et
363 883 463 947 vives.
527 883 580 950 29.
623 884 683 950 tlte
704 897 808 955 nutem
832 887 947 956 rolens
969 893 1087 960 iustifi·

11 999 47 1042 are
68 1001 96 1046 se
118 981 228 1067 iprum,
255 981 336 1048 dixit
358 980 399 1048 sd
422 985 544 1064 iesum,
564 987 607 1052 Et
628 989 700 1074 quis
723 1001 773 1056 est
792 1003 883 1058 mens
903 995 1087 1081 prosimus?

11 1081 32 1146 t
54 1081 246 1169 Resporrdens
268 1093 372 1150 autem
388 1069 485 1164 ,iesus
508 1087 601 1167 dixit,
630 1089 738 1157 Homo
760 1093 890 1181 quidam
912 1095 1086 1165 descende-

11 1191 32 1244 et
53 1181 85 1248 ab
109 1183 337 1272 Hierosolymis
364 1189 398 1252 in
425 1187 564 1267 iericho,
600 1200 631 1258 ct
650 1193 764 1259 incidit
785 1198 819 1261 io
839 1193 998 1279 latrones,
1028 1205 1085 1290 qui
1154 1259 1156 1262 ,

11 1285 59 1348 tim
86 1285 336 1375 despoliaverunt
369 1311 441 1354 eum
468 1291 625 1372 vestibus,
665 1317 704 1360 sc
730 1296 920 1366 vulneribus
951 1302 1083 1370 inflictis
1111 1363 1112 1368 ,

11 1383 111 1467 bierunt,
131 1392 334 1457 senriruortuo
358 1393 482 1460 relicto.
519 1393 572 1460 31.
595 1395 722 1461 Accidit
743 1408 856 1477 autern,
877 1409 911 1465 ut
929 1404 1084 1472 sacerdos

11 1485 86 1552 sidau
105 1489 309 1559 descenderet
331 1494 444 1562 eodem
465 1497 534 1562 vis:
571 1499 708 1585 visoque
729 1499 787 1570 ttto
812 1506 985 1589 praeteriit.
1027 1506 1082 1576 32.

11 1589 105 1656 imiliter
129 1605 157 1660 et
179 1594 293 1663 Levita
315 1618 413 1686 quum
436 1600 496 1663 iret
517 1600 601 1666 iuxta
623 1599 745 1681 locum,
773 1623 872 1689 quum
895 1608 1083 1675 accessisset

11 1691 137 1760 tridisset
157 1719 244 1776 euru,
265 1703 439 1788 praeteriit.
493 1699 546 1765 33.
583 1701 800 1770 Sarrraritanus
823 1717 927 1772 antem
951 1709 1080 1798 quidam

11 1794 147 1864 einricus
167 1802 256 1866 venit
284 1799 326 1868 ad
353 1825 441 1868 emm
485 1812 516 1869 et
544 1803 615 1870 vieo
642 1826 697 1886 co,
731 1809 949 1876 misericordia
972 1824 1079 1882 ructus

11 1903 29 1958 t
75 1897 122 1965 st.
165 1903 206 1968 Et
243 1903 399 1970 accedens
432 1901 587 1990 obligarit
617 1907 751 1974 vulnero
784 1913 867 1991 eins,
907 1913 1081 1982 infundens

11 1993 64 2064 icon
82 2023 116 2068 ac
134 2005 256 2071 vinum:
288 2015 319 2069 et
341 2007 510 2093 imponens
532 2005 621 2074 illum
643 2012 677 2076 in
698 2033 792 2078 suurn
813 2015 998 2096 iumentum,
1020 2015 1080 2083 du-

11 2103 58 2164 tin
76 2101 293 2185 diversorium,
317 2117 348 2172 ct
371 2129 479 2175 coram
501 2112 570 2176 cius
593 2113 665 2198 egit.
720 2115 774 2178 35.
807 2115 849 2181 Et
870 2129 1002 2203 postero
1025 2118 1079 2187 die

11 2202 126 2287 prditus,
148 2209 359 2300 depromptos
383 2210 465 2277 duos
489 2211 639 2278 denarios
662 2211 751 2280 dedit
773 2214 902 2303 hospiti,
925 2228 957 2283 et
978 2221 1022 2284 ait
1043 2222 1081 2300 ei,

11 2325 75 2372 urarn
103 2309 184 2378 iilius
219 2311 317 2378 habe:
361 2323 393 2378 ct
425 2313 643 2402 quodcunque
671 2327 836 2403 praeterea
863 2320 1081 2408 insumpseris,

11 2423 29 2486 tt
47 2431 129 2496 quum
160 2415 304 2494 rediero,
339 2413 470 2480 reddam
504 2415 571 2482 tibi.
635 2417 689 2485 36.
735 2419 820 2505 Quis
854 2441 932 2506 ergo
964 2422 1081 2490 horum

11 2507 53 2574 itur
73 2513 191 2583 videtur
217 2517 278 2582 tibi
304 2519 469 2604 proximus
498 2517 598 2584 inisse
626 2519 687 2598 iili,
713 2526 768 2606 qni
791 2521 903 2586 incidit
925 2525 959 2588 iu
980 2522 1080 2589 latro·

11 2613 38 2676 a?
69 2615 115 2684 st.
139 2622 181 2688 ht
203 2618 259 2686 itte
282 2618 375 2699 dixit,
397 2621 464 2708 Qui
487 2625 628 2688 exercuit
649 2623 903 2690 misericordiam
925 2623 1079 2694 initium.

11 2711 115 2802 itigitnr
134 2720 181 2788 illi
202 2723 306 2804 lesus,
328 2719 434 2802 Vsde,
457 2733 488 2788 et
509 2734 544 2790 tu
566 2725 617 2792 iac
638 2724 793 2792 similiter.

38 2959 191 3048 Quanquam
214 2967 281 3029 huic
304 2965 438 3029 historiae
465 2966 568 3051 aliquid
590 2968 681 3031 simile
704 2981 814 3032 tantum
842 2971 948 3034 habere
969 2972 1081 3034 videtur

11 3071 16 3106 r
35 3059 103 3115 quem
124 3044 255 3106 referunt
274 3044 432 3106 Matthaeus
454 3047 502 3106 22.
524 3045 616 3126 copite
640 3057 668 3106 et
696 3049 809 3108 Marcus
830 3052 885 3122 1⁴2,
908 3069 968 3140 nors
986 3061 1080 3140 autern
1169 3093 1171 3098 .

11 3109 52 3170 itm
74 3137 141 3179 csse:
168 3139 226 3204 ego
250 3131 345 3180 umen
369 3121 399 3179 iu
422 3141 510 3181 onom
528 3120 623 3182 locum
642 3121 707 3182 ideo
721 3122 860 3214 ‚conferre
878 3121 977 3196 maim,
1005 3144 1079 3212 qipa,

11 3193 263 3348 [iiiii‘hiiioi
277 3195 773 3347 iii‘⁰i⁸0‹iiii¹,¹,²'itdi¹¹0id¹¹iii
783 3198 1080 3363 ,idithim

11 3347 35 3396 ¹i-
74 3345 186 3408 videm
212 3358 305 3408 sutem
330 3347 460 3410 consulto
486 3349 728 3428 praetermittere,
757 3349 821 3430 quia
845 3347 912 3408 ahbr
934 3346 1079 3440 retulerat.

11 3433 54 3492 true
74 3431 164 3485 tarsen
188 3422 335 3486 contendo
357 3424 475 3486 eandem
494 3424 734 3500 medietariam,
760 3445 847 3508 quum
864 3425 955 3516 Lucap
979 3425 1081 3515 aselp-

11 3485 141 3560 iduatus
188 3501 303 3560 uaedam
325 3498 426 3560 habeat
451 3499 569 3562 diversa.
607 3503 688 3562 Iotsr
710 3521 810 3562 omnes
829 3511 977 3593 cpnvemt,
1002 3501 1081 3561 Serr-

11 3575 155 3635 utentsndi
202 3575 283 3636 hristi
303 3595 384 3638 cansa
403 3576 523 3638 movisse
541 3577 747 3657 quaestionem,
772 3575 822 3638 sed
841 3599 880 3652 rs,
903 3599 950 3657 qm
969 3597 986 3637 a
1005 3579 1082 3638 hiat·

11 3659 83 3728 poet
101 3653 199 3713 hiarco
220 3650 402 3728 describitur,
425 3653 538 3712 tandem
560 3651 677 3714 discedit
693 3675 754 3714 non
772 3652 845 3714 male
863 3651 1011 3746 effectore·
1028 3673 1083 3744 ‘sc-

11 3721 68 3782 escit
86 3727 158 3787 euim
169 3727 276 3790 Christi
295 3749 441 3810 responso,
461 3729 571 3809 signum
592 3749 628 3788 ue
646 3729 745 3792 docilis
764 3751 797 3790 ac
811 3741 952 3820 1131an
968 3740 1082 3812 spu-stus

11 3795 76 3858 *het
111 3803 196 3865 Adde
215 3801 299 3864 etiarn
338 3803 393 3896 nod
412 3805 533 3896 vicissim
554 3749 683 3866 cirtem
702 3816 879 3888 pronuntiat,
902 3826 963 3896 nop
981 3803 1082 3940 procfpi

11 3875 423 4050 qimau
442 3881 853 4050 marmarum
868 3882 1083 4090 ,exprme

11 4027 665 4200 etitem,trtmmmrr,
680 4032 935 4170 te,
955 4053 983 4090 „
1004 4047 1084 4196 rer?

11 4179 95 4241 orire
117 4183 208 4245 isocen
231 4130 324 4245 adiecto
350 4184 416 4246 ioco
440 4184 496 4245 hoc
521 4183 665 4259 retulerit,
687 4206 747 4247 srve
769 4201 846 4244 nunc
865 4188 1085 4270 praetemmserrt

11 4265 67 4312 mm
85 4258 337 4342 interrogationem
350 4261 402 4334 (eo
421 4260 497 4342 quud
515 4259 595 4342 prior
613 4259 657 4321 ilia
676 4262 802 4322 uenatio
820 4257 912 4340 quoad
927 4257 1085 4348 doctrinam

11 4323 110 4414 ¹ficeret)
127 4335 274 4397 doctrinae
291 4335 443 4396 sirniiitudo
464 4336 519 4400 hoc
540 4335 684 4428 posteriore
701 4336 759 4398 visa
782 4345 838 4407 est,
864 4345 895 4392 ut
914 4344 971 4393 tres
991 4333 1086 4421 hyan-

11 4415 63 4467 stss
79 4409 155 4472 inter
172 4431 204 4473 se
221 4410 392 4476 conferrem.
424 4415 510 4474 Nouo
528 4411 690 4488 vadendum,
707 4408 940 4548 quaeusrpfiipuoc
957 4407 1086 4471 soom
