2496 4852
365 241 498 304 Onnrro
517 257 552 302 rn
573 253 699 303 nourr.
1045 251 1103 315 175

69 385 157 448 llntb
171 391 217 452 ἢ
254 383 394 446 hanno
411 389 544 464 comeda
562 401 604 448 ear
621 385 731 450 ocum.
772 383 950 449 Tenendum
959 391 1103 454 memorie

15 475 45 524 ot
59 465 124 544 quad
142 465 216 545 pn'ua
232 465 352 540 monui,
375 467 508 524 concisae
533 463 580 524 bie
599 465 705 524 referri
723 466 899 541 sententiar,
923 486 986 527 nou
1006 479 1103 530 autem

66 554 147 600 etum
171 559 232 602 erae
256 541 444 602 concionem.
484 541 604 601 Summa
633 559 728 621 porro
753 538 837 600 buius
865 544 1029 605 sententiae
1049 557 1104 620 eat,

72 617 122 677 rlia
140 637 233 677 errare
251 617 405 692 bominea,
431 618 497 698 quia
518 618 626 678 intenti
651 637 712 677 non
732 627 816 692 aunt,
847 629 881 678 ut
900 619 1040 694 decebat,
1071 621 1103 680 in

16 709 95 754 recten
110 715 156 753 aco
177 715 234 752 um.
280 693 370 754 Unde
389 694 469 754 enim
492 694 526 755 lit
545 706 579 754 ut
597 695 726 774 turpiter
744 706 903 774 vagentur,
928 697 974 756 vel
995 697 1104 790 impin-

15 783 68 850 gant,
82 769 121 828 rel
138 715 279 843 labantur,
299 771 356 831 nisi
376 771 444 851 quia
459 784 602 850 corrupto
623 771 743 846 iudicio,
765 771 833 830 dum
854 775 911 834 suis
932 773 1103 835 libidinibus

16 869 72 924 pau
87 846 138 906 llei
155 847 281 907 iustitiae
303 846 428 928 obsequi
447 846 575 919 malunt,
602 867 664 908 non
689 847 781 908 modo
806 848 958 910 rullocant
980 850 1103 912 rationis

15 926 87 994 been,
103 943 172 1002 quae
191 925 395 984 eurumvitam
416 943 520 1006 regere
532 925 685 998 debuerat,
704 925 756 984 red
773 943 895 1004 prorsus
915 927 945 985 in
965 926 1103 988 tenebrae
1151 982 1152 985 ,

15 1001 163 1060 coruunt?
207 1000 412 1060 similitudine
437 1013 534 1060 autern
566 999 660 1060 utitur
681 1001 831 1074 Christus,
860 1001 980 1064 oculum
1010 1004 1103 1064 totius
1197 1055 1203 1068 .

15 1078 108 1154 operia
124 1077 273 1138 lucernam
292 1097 415 1150 vocans,
438 1077 497 1138 acsi
517 1077 641 1138 diceret:
668 1097 757 1156 quum
785 1075 919 1140 bominea
940 1079 1102 1158 ambulant,

18 1155 991 1310 wttn‘ttttlta,titttttttttt‘tlttt‘
1016 1175 1104 1314 ligi

19 1273 124 1365 itincre
140 1307 275 1368 serantur
294 1328 397 1366 manns
418 1320 449 1367 et
468 1307 573 1386 pedes,
599 1325 658 1386 quo
674 1307 797 1389 'minime
817 1311 970 1382 convenit,
994 1312 1103 1370 errario

19 1381 70 1460 olna
88 1383 169 1444 oculis
188 1385 247 1444 erit
266 1383 456 1464 imputanda,
480 1384 531 1462 qni
554 1382 687 1444 officium
712 1403 775 1443 uon
800 1383 921 1446 iaciunt.
959 1387 1047 1447 Nunc
1065 1385 1102 1449 ad

21 1459 98 1518 triam
112 1460 317 1520 mossetenda
336 1471 381 1520 est
390 1457 562 1521 similitudo.
602 1457 720 1540 Singuli
730 1459 853 1522 allectus
873 1462 1014 1541 quaedam
1034 1473 1103 1524 runt

25 1533 137 1596 rtatim
156 1537 308 1612 membra,
331 1537 383 1597 red
408 1537 475 1617 quia
500 1554 555 1616 per
573 1555 605 1596 se
624 1537 707 1596 coeci
730 1548 813 1612 runt,
843 1537 1008 1598 directione
1027 1561 1103 1620 opus

28 1607 94 1670 ltlot
125 1611 183 1674 larn
203 1613 290 1673 Deua
310 1612 456 1673 rationem
476 1613 597 1685 indidit,
623 1631 698 1692 qnae
718 1633 770 1673 eos
796 1615 826 1673 in
847 1614 983 1674 ordinem
1005 1627 1103 1697 cogat,

27 1687 158 1750 nlrreraae
187 1688 305 1772 polleat
331 1689 433 1749 officio
461 1689 498 1748 ad
523 1690 598 1748 riarn
630 1688 860 1751 monatrandam.
901 1691 983 1764 Quid
1003 1705 1101 1754 autem

23 1759 139 1844 dmuque
168 1766 232 1826 lieri
264 1765 362 1827 solet?
400 1767 515 1844 Nempe
546 1765 680 1826 hominen
705 1768 845 1846 quicquid
876 1786 965 1828 sanae
994 1770 1102 1830 mentia

21 1837 80 1898 bno
94 1855 146 1901 erat
163 1853 274 1936 sponte
296 1854 492 1922 corrumpunt
509 1862 543 1901 ac
560 1854 753 1921 pervertunt,
778 1855 811 1904 ut
831 1863 869 1903 ne
889 1843 1014 1905 scintilla
1035 1845 1102 1926 qni-

19 1914 58 1971 leo
71 1937 113 1976 rna
130 1919 197 1980 lucra
216 1919 337 1979 residua
355 1931 483 1978 maneat.
524 1917 649 1980 Ocnum
669 1919 827 1994 duplicant
849 1933 946 1998 rorat,
970 1922 1020 2014 qui
1045 1941 1101 1981 nec

19 1985 63 2050 lna
76 1993 153 2074 aliqua
170 1997 328 2067 obtectus,
359 2014 415 2056 nec
440 1995 616 2086 lippitudine
635 1995 761 2057 infectus
782 2010 841 2070 est,
872 2017 927 2058 nec
952 1996 1009 2058 alro
1029 1998 1101 2058 vitio

19 2063 104 2152 hbent:
119 2071 241 2146 ποιηρὸν
258 2071 369 2153 accipit
387 2093 444 2152 pro
463 2071 579 2131 vitioso.
623 2071 736 2147 Gomon
753 2071 898 2147 lucidum,
931 2074 1011 2154 quod
1031 2074 1101 2136 ittu-

18 2155 109 2218 rnatu,
124 2158 154 2207 ut
171 2150 309 2209 actiones
320 2169 384 2210 suar
405 2148 513 2208 babeat
529 2148 584 2207 rite
596 2151 782 2228 compositas.
809 2149 1101 2222 Tanedroaumvero,

18 2221 67 2294 pal
92 2225 206 2286 conimo
241 2235 330 2286 motu
359 2227 391 2283 in
426 2224 525 2284 varios
555 2243 673 2284 errores
699 2225 804 2285 fertur.
856 2227 998 2286 Videmus
1027 2242 1100 2308 ergo

16 2299 223 2368 lumborum
249 2303 312 2362 iam
332 2299 405 2379 dixi)
431 2301 474 2360 bis
497 2300 597 2362 rerbis
622 2319 693 2361 coar
733 2301 743 2360 i
767 2299 918 2362 bominum
944 2303 1101 2383 ignaviam,

30 2373 46 2426 ai
59 2379 140 2437 nentia
158 2376 264 2439 oculor
284 2377 403 2458 aperire
423 2375 577 2460 negligunt
597 2376 633 2435 ad
653 2395 691 2511 gu
716 2378 863 2438 ernandos
882 2399 950 2438 roos
967 2377 1101 2438 allectur-

18 2389 74 2516 land
89 2465 174 2512 antem
195 2454 266 2515 binc
287 2455 358 2514 coll'
401 2467 433 2514 nt
452 2455 603 2546 Papistae,
645 2453 737 2514 olere
758 2455 873 2514 ratione
895 2465 925 2513 et
944 2453 1101 2534 prudentie

17 2517 119 2602 baino,
133 2541 165 2590 ut
183 2531 280 2592 libera
299 2531 339 2591 ait
357 2530 414 2592 alia
435 2533 507 2592 bona
528 2473 647 2590 cernaii
667 2529 790 2606 electio,
810 2529 947 2591 frivolum
968 2541 1026 2590 eat:
1046 2549 1101 2590 ne·

17 2617 51 2674 vt
64 2605 124 2664 to'm
141 2607 288 2683 cbristus,
308 2627 366 2687 qua
385 2609 525 2670 facultate
544 2606 669 2687 praediti
688 2607 788 2682 simus,
809 2605 955 2667 hocloco
976 2607 1101 2682 dianerit,

18 2675 47 2732 'tl
59 2685 185 2756 quomodo
206 2705 264 2745 eoa
284 2683 435 2744 ambulare
455 2686 574 2757 deceat,
598 2695 632 2744 nt
651 2683 764 2744 scilicet
783 2683 813 2742 iu
841 2695 954 2744 certum
974 2683 1100 2764 aliquem

17 2767 96 2830 mtto
110 2759 191 2821 timue
210 2762 331 2823 intenti.
370 2763 415 2821 Ac
433 2761 518 2821 simul
540 2760 638 2834 docet,
656 2771 753 2820 totum
773 2759 917 2820 humanae
936 2761 1012 2821 ritae
1032 2781 1100 2821 ear·

17 2845 53 2882 ¹·
67 2833 119 2893 ideo
135 2837 329 2898 tenebrosum
344 2855 418 2912 erae,
438 2840 505 2918 qnia
526 2855 615 2896 nemo
636 2848 748 2896 recturo
769 2837 858 2896 bnenr
870 2837 993 2917 albipro
1017 2847 1100 2912 nnat,

17 2903 139 2992 *lanea
159 2915 216 2974 aibi
243 2914 282 2974 ad
303 2913 411 2974 malum
435 2915 543 2994 cupide
569 2913 740 2973 certandum
765 2913 945 2996 indulgeant.
990 2857 1101 2974 latent

18 2983 102 3064 tuln,
117 3001 213 3050 natura
233 2991 398 3072 ingenitam
419 3010 482 3050 esse
501 2989 670 3050 bominibus
690 2990 845 3064 rationem,
865 3011 921 3070 qua
933 2990 1101 3051 discernant

18 3067 64 3140 ¹4¹‘l
76 3063 131 3123 ritia
149 3079 178 3126 et
195 3067 342 3140 virtuter,
366 3067 416 3126 red
444 3068 483 3126 ita
509 3077 631 3148 peccato
657 3065 785 3125 vitiatam
811 3083 874 3126 esse
900 3065 984 3138 dico,
1011 3075 1045 3124 ut
1063 3063 1099 3124 ad

18 3133 103 3209 “⁸5²¹oe
117 3161 211 3220 pertua
230 3143 360 3203 deficiat.
399 3143 516 3203 Interea
536 3163 597 3201 non
618 3141 768 3221 sequitur,
794 3142 866 3220 quin
886 3141 1023 3200 tenebras
1043 3139 1100 3200 eibi

18 3223 84 3282 urata
98 3231 237 3280 ornarant
260 3219 404 3290 homiues,
424 3220 481 3280 acri
502 3219 607 3280 clauaia
626 3216 719 3278 oculia
739 3216 872 3278 oblatum
893 3217 992 3275 lumen
1013 3215 1101 3298 luge-

20 3293 139 3430 'szpuia
155 3297 286 3392 'scienter
302 3308 333 3357 et
350 3296 485 3392 volenter
503 3307 580 3377 post
598 3315 663 3355 suar
679 3293 936 3428 ppncnpiscentias
955 3293 1099 3386 feruntur.

17 3373 283 3530 i⁴²¹talaebsriqiiemiir
295 3371 628 3530 ibbbtblbiisieliq‘ici
651 3381 1099 3538 mauiiobnslolibaubiauiilleaieli

17 3511 101 3600 *ῥυ
116 3537 224 3600 autern,
257 3547 368 3587 crasans
395 3527 520 3586 allectus
540 3538 570 3585 et
597 3521 753 3584 belluinos.
806 3523 915 3582 Sensus
936 3533 980 3583 est
999 3533 1100 3606 igitur,

17 3603 84 3724 ξφ
99 3619 153 3660 ooo
164 3623 238 3678 erae,
257 3603 283 3662 ai
302 3615 362 3662 um
383 3601 471 3696 ioede
492 3601 638 3736 pecudupln
648 3619 732 3659 more
751 3600 785 3692 in
793 3601 931 3660 vitiorum
952 3598 1015 3659 luto
1035 3614 1099 3658 sese

18 3679 537 3838 dttttttnttttlttttit
563 3685 1100 3814 ”inlei²vlil'⁰tnli²i„‘⁰diibii

17 3829 112 3904 Μ,
131 3849 191 3890 oon
216 3833 307 3893 modo
348 3853 418 3893 uum
438 3832 546 3892 mentis
565 3849 635 3891 suae
655 3829 793 3889 iudicium
813 3828 901 3889 obrui
920 3829 1022 3890 ainont
1042 3827 1099 3887 bo-

17 3905 77 3958 *ss
134 3908 173 3967 rie
192 3911 287 3970 earnis
306 3853 488 3982 libidinibus,
507 3908 559 3969 aed
579 3907 731 4046 ingenium
751 3928 835 3967 tuum
847 3905 999 4038 perversis
1014 3906 1098 3986 cogi.

17 3971 86 4032 l¹²5⁰ti
104 3999 133 4040 er
149 3983 290 4046 dedentea
335 3987 396 4046 uasi
419 3985 448 4046 in
476 3985 588 4046 belluas
634 3993 804 4078 egenerant
877 3981 989 4044 idemus
1010 3982 1099 4054 enim,

18 4051 159 4146 “millene
182 4062 218 4120 ad
243 4073 375 4122 astatum
401 4062 561 4123 dellectant
586 4062 720 4122 homines
745 4058 885 4140 quicquid
911 4058 1009 4118 datum
1034 4065 1099 4115 erat

19 4123 156 4210 tundentur,
174 4147 206 4197 ut
222 4138 279 4200 ribi
301 4137 415 4200 fodiant
435 4138 595 4219 profundas
616 4136 832 4231 cogitationes,
853 4131 1097 4214 quemadmodum

19 4192 62 4256 (Ν
76 4203 222 4290 Propbeta,
245 4225 278 4274 ut
302 4214 493 4296 subterfugiis
517 4213 574 4272 suis
595 4215 663 4274 freta
693 4223 833 4293 proterve
864 4211 931 4269 Deo
953 4204 1098 4296 insultent

20 4265 62 4330 tln
71 4285 111 4356 ld,
129 4289 195 4364 15),
213 4291 342 4371 denique
363 4289 524 4350 innumeris
544 4291 639 4350 modis
658 4287 694 4350 ad
714 4307 745 4348 re
766 4286 932 4366 perdendos
952 4299 1098 4370 ingeniosa

22 4361 199 4434 'veperunt
236 4369 339 4444 Quare
360 4385 423 4427 oon
443 4366 494 4426 aba
519 4383 551 4424 re
577 4365 750 4444 pronuntiat
769 4361 922 4432 Cbriatus,
947 4357 1009 4416 fierr
1036 4375 1096 4414 non
