2504 4852
173 262 322 341 (ili-ll.
358 263 408 328 De
425 282 519 349 grano
538 261 650 349 sinapis,
671 265 814 333 fermento
834 269 906 354 ete.)
1057 275 1096 338 21

28 409 121 494 p'ndau
144 414 273 500 Evangelii
299 415 416 500 gratiam
444 433 507 478 esse
534 417 668 490 mmm,
696 419 745 512 qui
772 419 938 504 posthabitis
966 424 1097 486 omnibus

27 491 65 550 ab
82 489 211 566 desideriis,
231 493 264 556 ad
286 515 347 556 eam
374 491 538 574 potiendam
562 517 611 556 sna
634 498 725 558 studm
748 507 832 560 etse
855 510 935 562 totos
957 501 1096 566 addicunt.

26 565 145 628 denudum
162 579 247 629 autera
268 582 325 644 est,
354 570 432 649 qnod
454 590 515 631 non
539 569 574 631 ab
599 572 732 634 omnibus
755 573 828 634 tanti
850 575 910 636 lieri
933 575 1097 640 thesaurum

26 643 168 706 bsmudtum
188 644 228 706 rel
247 649 422 730 margaritam
441 647 527 708 docet
545 647 687 724 Christus,
711 661 746 712 ut
764 649 886 711 libenter
903 653 1028 713 vendant
1047 675 1096 716 sua

26 718 97 778 omia:
114 721 157 782 sed
172 719 295 784 thesauro
313 722 397 784 statui
420 723 555 804 pretium,
579 735 760 806 posteaquam
778 727 912 789 inventus
932 739 974 790 est
992 750 1025 791 ae
1043 750 1094 792 co·

24 795 98 932 pp'ppr,
116 805 141 859 et
159 797 272 876 peritum
293 799 505 882 negotiatorem
528 799 586 861 tale
608 801 645 862 de
666 803 820 885 urargarita
839 803 973 866 iudicium
991 806 1095 870 iacere.

36 875 39 887 '
82 869 115 934 bis
129 872 214 934 verbis
231 886 350 936 notatur
371 874 436 936 fidei
455 876 598 958 cognitio,
622 877 678 938 acsi
702 879 815 940 dixisset
835 879 981 956 Christus,
1005 881 1094 966 uulgo

24 967 104 1030 reguum
119 947 228 1012 eoeleste
246 971 298 1031 pro
316 950 406 1012 nihilo
430 950 492 1012 lere
516 951 627 1026 baberi,
652 955 715 1034 quia
738 955 851 1037 insipidi
869 969 936 1018 sunt
955 955 1093 1032 homines,

23 1045 55 1084 uec
66 1024 117 1084 tuo's
131 1027 308 1104 perspicimt,
331 1047 416 1108 quam
438 1027 689 1108 incomparabilem
707 1031 869 1093 thesaurum
889 1033 918 1092 in
937 1033 1095 1116 Evangelio

22 1099 118 1161 anun
136 1100 240 1164 elimat.
283 1103 439 1180 Quaeritur
461 1114 569 1180 tamen,
597 1125 635 1167 an
655 1107 821 1171 renuntiare
847 1108 933 1170 bonis
962 1110 1094 1174 onruibua

22 1173 56 1236 tl'u
68 1197 161 1239 necesse
177 1177 220 1255 ait,
238 1191 270 1241 ut
288 1181 346 1242 uita
364 1192 479 1242 aeterna
498 1179 634 1241 fruamur.
674 1183 731 1244 Res
751 1186 844 1246 ondeo
864 1183 998 1262 breviter,
1016 1185 1093 1251 hune

22 1251 127 1332 mplieun
143 1273 200 1316 esse
218 1255 372 1322 verborum
390 1277 519 1332 sensum,
543 1277 603 1317 non
621 1257 720 1320 baberi
733 1206 896 1354 brangelio
915 1263 1020 1326 iustum
1039 1263 1093 1324 bo-

22 1345 93 1404 mm,
111 1330 158 1390 nisi
175 1334 247 1414 apud
265 1331 472 1396 noaomuibus
491 1334 588 1394 usundi
608 1335 723 1415 opibus,
743 1337 866 1413 delion,
885 1335 1044 1401 bonoribus
1064 1350 1094 1402 ot
1161 1399 1166 1410 ,
1238 1389 1239 1412 ,

23 1405 125 1466 ommis
141 1409 298 1487 praecellat,
318 1408 480 1489 etquidem
503 1429 630 1490 eousque
649 1421 681 1471 ut
699 1411 886 1492 spiritualibus
904 1413 1002 1490 bonis,
1022 1437 1093 1496 quae

26 1479 69 1542 ul'a
82 1484 211 1561 promittit,
230 1485 359 1548 centeriti
378 1505 562 1567 quaeeunque
580 1507 634 1548 aros
654 1487 720 1548 inde
738 1488 942 1550 retrahuntur
962 1490 1093 1574 ligamus:

27 1557 177 1652 nonnitus
194 1561 402 1653 impedimentis
420 1561 530 1626 solutos
549 1585 611 1626 esse
630 1575 755 1653 pportet,
775 1565 823 1645 qui
837 1565 867 1626 in
878 1511 998 1658 ‘cneigen
1017 1568 1092 1655 aspi,

25 1645 60 1692 m
86 1636 154 1729 bego
176 1657 235 1699 non
257 1661 313 1700 ntst
337 1639 371 1700 ad
391 1657 492 1699 eorum
511 1639 743 1730 abnegationem,
766 1662 850 1730 quae·
878 1653 957 1703 retati
976 1644 1092 1704 miserm

19 1723 64 1844 Ε,
76 1711 187 1775 ctnstn
205 1713 301 1808 fideles
319 1733 387 1776 auos
404 1712 547 1806 bortatup:
571 1715 686 1776 interm
705 1665 905 1800 temporalibus
928 1719 984 1781 nei
1002 1719 1091 1782 betto·

60 1809 98 1924 ld
113 1791 453 1928 “blumiidlatldbncebllnil
473 1811 529 1926 urii.¹
549 1802 832 1931 ndlirdldbldiurlerbo
861 1891 922 1932 nott
951 1869 976 1933 si
997 1869 1092 1933 nificat

17 1931 106 2016 (lenus,
122 1943 201 2004 ullam
220 1943 486 2024 compensationem
504 1941 602 2034 afferri
621 1943 656 2006 ab
676 1945 845 2039 hominibus,
865 1967 919 2028 qua
937 1893 1091 2010 coelestem

15 2008 67 2074 thu
84 2019 126 2078 sibi
143 2033 322 2104 comparent:
346 2020 448 2080 seimus
473 2039 562 2110 enum,
587 2041 642 2100 qua
666 2020 731 2106 lege
749 2025 891 2084 Dominus
910 2023 1005 2085 fideles
1025 2045 1091 2086 snos

64 2093 158 2156 lesaiam
170 2095 281 2172 inritet,
299 2096 403 2158 Venite
423 2107 451 2156 et
470 2107 557 2157 emite
571 2097 676 2188 absque
690 2109 819 2190 argentp,
840 2111 896 2160 etc.
907 2099 1027 2192 (lesbo,
1039 2101 1089 2178 1.).

59 2174 161 2248 quamvis
178 2174 335 2257 gratantum
353 2173 389 2233 sit
407 2171 513 2234 donum
533 2173 589 2236 Dei
613 2186 671 2234 veta
689 2175 832 2249 coelestes,
858 2187 887 2236 ct
907 2176 1038 2268 quecquid
1057 2177 1092 2236 ad

13 2249 317 2386 flupeptipptgdicimnr
336 2261 429 2385 [Ἧι
447 2249 601 2385 redirppre,
621 2271 708 2384 quum
726 2247 1027 2387 Vilinlfitl'mm}
1038 2271 1092 2312 nos

753 2349 781 2384 m
884 2349 890 2386 :
929 2351 946 2386 u
966 2348 1008 2386 ma
1030 2347 1092 2386 mo-

12 2337 228 2533 pppsdlidppppppps:
242 2347 417 2537 ¹dibiq'bilmie
436 2343 997 2480 psaseoimrpppquppperetppcpcorps'eut
1007 2403 1091 2466 Chri-

308 2502 334 2536 l.
422 2523 429 2536 ·
447 2521 454 2536 ι

55 2556 89 2614 li.
121 2555 224 2618 Simile
242 2567 289 2617 eat
309 2559 424 2615 octricus
437 2577 463 2614 o.
501 2553 578 2616 Nihil
597 2553 643 2616 bic
663 2573 770 2616 novum
790 2553 1023 2630 docetChrlstus,
1043 2553 1093 2615 sed

12 2480 56 2532 tim
77 2477 228 2542 conluceret
246 2477 305 2558 (Plu
354 2475 444 2613 dep

12 2621 205 2760 {mundae
223 2631 376 2694 conlimnat
393 2631 469 2724 quod
488 2632 568 2712 prius
585 2631 745 2708 habuimus,
764 2632 919 2694 Ecclesiam
933 2632 990 2694 Dei
1008 2651 1093 2712 qnam

12 2767 14 2776 s
49 2701 150 2770 interm
168 2722 299 2772 uersatur
316 2719 485 2790 perrmstam
509 2728 570 2772 esse
589 2707 673 2770 bonis
693 2721 723 2776 et
740 2709 832 2788 malis,
858 2729 1002 2792 nunquam
1021 2727 1092 2770 vero

12 2779 93 2842 trdibus
111 2797 137 2846 et
154 2784 375 2866 inquinamentis
395 2805 492 2867 puram
513 2804 583 2846 esse.
622 2785 700 2846 Finis
723 2797 818 2847 tumen
842 2785 924 2850 huius
944 2783 1093 2876 parabolae

12 2847 54 2914 itte
68 2858 178 2924 diversus
197 2875 256 2924 est:
277 2879 382 2941 nempe
401 2872 434 2920 nt
449 2860 579 2922 Christus
597 2881 658 2921 non
676 2861 768 2924 solnm
787 2863 936 2924 medentur
953 2861 1092 2934 seandalo,

12 2932 54 3007 Μ
166 2959 201 3002 ue
220 2938 351 3000 infinnoa
370 2937 481 3011 turbat,
505 2937 569 3017 qnia
592 2957 653 2998 nou
673 2939 817 3020 reperitur
834 2939 865 3000 in
884 2939 1002 3014 mundo,
1021 2953 1094 3018 quae

12 3009 46 3088 pla
103 3013 173 3080 ieret
192 3015 315 3100 puritas,
340 3013 389 3076 sed
409 3013 491 3078 etiam
517 3025 547 3074 nt
571 3013 600 3074 in
620 3014 723 3082 timore
743 3027 773 3078 et
790 3016 928 3084 modestia
947 3013 1094 3076 contineat

12 3087 211 3172 obstipatus,
236 3113 276 3155 ne
300 3091 377 3150 inani
399 3090 464 3150 sulci
487 3088 568 3151 titolo
592 3091 638 3152 vel
662 3091 745 3150 nuda'
760 3091 939 3172 professione
962 3089 1017 3156 sibi
1035 3087 1093 3170 pla·

12 3169 62 3220 ort.
97 3167 157 3227 lio
186 3169 304 3250 quidem
327 3180 478 3246 tonumque
505 3165 631 3227 libenter
659 3167 831 3248 amplector,
861 3166 938 3256 quod
963 3165 1093 3227 Christus

12 3235 102 3308 lllfflter
119 3189 265 3308 licendum
284 3265 375 3324 usque
397 3244 427 3303 in
454 3244 554 3306 mundi
576 3243 663 3306 linem
687 3263 749 3305 esse
772 3243 872 3304 docent
890 3252 1093 3302 nuatummea

12 3312 56 3398 qais
70 3330 94 3378 et
113 3321 204 3396 melis,
229 3321 294 3402 quia
319 3342 378 3388 nou
398 3331 466 3380 ante
484 3320 625 3383 constabit
644 3339 711 3386 vcra
731 3332 761 3384 et
778 3317 866 3381 solide
884 3316 1028 3407 Ecclesiae
1046 3337 1093 3378 re·

12 3393 87 3452 tactim
108 3397 208 3458 deinde
234 3397 312 3479 quod
337 3398 485 3456 admoneat
506 3418 567 3466 non
586 3397 730 3472 sulficere,
755 3397 813 3456 imo
837 3415 898 3455 non
917 3415 1013 3476 magur
1033 3413 1094 3454 esse

12 3473 110 3546 mero,
136 3495 189 3534 nos
212 3475 245 3534 in
265 3471 340 3534 ovile
360 3493 421 3533 esse
440 3485 624 3558 aggregatos,
648 3473 701 3534 nisi
750 3472 868 3533 enuinae
888 3471 973 3532 sbnns
991 3470 1095 3561 acde3

12 3553 59 3626 piae
74 3565 144 3622 ores,
163 3571 223 3630 quo
244 3561 351 3630 spectat
370 3549 415 3612 illa
434 3550 513 3612 Pauli
531 3550 677 3612 sententia.
701 3551 705 3560 '
746 3550 807 3610 orit
826 3547 967 3610 Dominus
985 3569 1033 3626 qua
1051 3562 1095 3612 sut

12 3623 90 3690 ΜΠ.
107 3627 181 3686 Tim.
200 3631 231 3704 2,
251 3627 321 3702 lit),
360 3629 440 3707 Ergo
463 3627 498 3686 ab
518 3625 667 3707 iniquitate
687 3626 818 3700 discedat,
839 3623 961 3708 quisquis
981 3625 1096 3686 invocat

12 3701 202 3763 meruomtnt.
243 3703 336 3763 Porro
352 3701 501 3786 Evangelii
529 3702 757 3766 predicationem
777 3703 846 3772 scite
866 3711 1011 3835 comparat
1028 3719 1094 3760 rer-

12 3765 61 3830 iale
80 3779 126 3838 snb
148 3779 228 3860 aquis
252 3780 397 3854 demerso,
426 3792 458 3838 ut
486 3799 604 3840 serenus
627 3791 804 3862 praesentem
827 3776 969 3839 Ecclesae
992 3787 1095 3866 statum

12 3847 112 3914 ”luam
135 3877 205 3918 esse.
251 3855 422 3937 Quanquam
447 3856 522 3916 enim
545 3857 625 3918 Deus
649 3869 761 3930 noster,
790 3865 823 3916 ut
847 3867 890 3918 est
913 3855 992 3916 Dens
1016 3852 1095 3914 ordr-

12 3919 33 3994 i,
48 3939 71 3986 et
87 3953 140 3994 non
159 3932 359 4014 dissipationis,
378 3932 446 3994 disci
466 3931 551 3992 linam
568 3933 652 3993 nobis
672 3933 858 4007 commendat,
876 3930 1032 4026 hypocritis
1050 3939 1095 3988 ta·

12 4017 42 4056 ur
58 4001 141 4068 locum
161 4011 195 4068 ad
217 4021 327 4090 tempus
352 3955 485 4070 coneedit
508 4009 583 4068 inter
605 4007 713 4082 fideles,
737 4009 829 4070 donec
852 4005 954 4068 ultimo
978 4003 1024 4064 die
1048 4023 1095 4062 re·

12 4089 58 4158 ,³⁰¹¹
74 4103 150 4144 Μ
169 4087 298 4178 peris-ete
317 4097 481 4176 componat.
511 4087 590 4168 Ergo
610 4087 702 4166 quoad
719 4086 749 4146 ln
769 4085 855 4148 nobis
872 4097 923 4158 est,
936 4080 1095 4142 studeamus
1196 4151 1199 4158 V

12 4151 42 4212 t'n
60 4159 214 4244 corrigere,
236 4173 332 4244 vegeat
353 4183 383 4222 m
407 4161 541 4222 sor'dibus
564 4163 717 4246 purgandis
740 4163 886 4224 severitas:
915 4178 976 4220 non
1000 4166 1095 4243 tamen

12 4237 42 4286 ue
56 4233 85 4292 ab
103 4237 233 4298 omnibus
252 4236 329 4320 rugis
349 4249 377 4300 et
394 4236 509 4300 oraculis
529 4238 659 4306 immunis
680 4239 734 4302 crit
751 4236 886 4316 Ecclesia,
906 4253 990 4318 quam
1009 4229 1095 4294 Cim·

12 4322 38 4366 us
52 4314 235 4398 segregaverit
253 4335 343 4400 agnos
361 4315 396 4377 ab
415 4313 523 4377 hoedis.
