2500 4852
148 237 206 302 let
416 233 527 316 Sttcr.
547 233 627 298 xvt.
665 240 742 302 ram
759 243 794 298 m
813 247 1005 298 nnosmru

232 385 341 470 (tto.)
378 385 549 453 ll'rl'l'l'll.
572 389 650 454 Xlll.
691 387 725 456 3.
758 389 801 456 Et
821 397 1024 454 emerserunt
1042 384 1080 452 ad
1098 395 1160 452 aru
1173 385 1232 452 m

147 491 213 557 saei
235 497 389 556 tentantes
412 511 499 570 euro,
529 498 560 554 et
584 489 726 557 dieentes
750 493 794 572 ei,
817 491 950 557 Licetne
970 491 1083 556 homiui
1101 486 1232 553 divortium

147 585 252 663 iacere
273 615 345 661 eum
367 613 469 660 uxore
490 612 549 658 sua
572 592 714 680 qnalibet
735 616 772 661 er
794 597 910 660 causa?
953 593 983 662 d.
1006 591 1068 678 Qui
1079 589 1231 680 respondem

147 697 192 760 ait
220 697 281 775 eia,
309 695 361 760 Au
381 715 448 760 nou
473 692 602 778 legistis,
623 695 712 783 quod
733 697 775 775 ia,
802 700 858 784 qui
881 697 956 762 lecit
977 693 1018 761 ab
1040 696 1130 772 initio,
1146 713 1232 758 maror·

148 797 214 862 lum
237 806 268 864 et
290 794 437 862 feminam
461 796 535 862 iecit
557 799 634 864 eos?
697 797 729 863 5.
772 801 813 866 Et
842 797 936 877 dixit,
962 799 1127 884 Propterea
1146 795 1230 859 deseret

146 899 246 984 bomo
271 909 394 988 patrem
425 907 457 966 et
485 908 631 976 matrem,
666 909 698 968 et
730 899 977 988 agglutinabitur
1005 899 1097 966 uxori
1122 907 1231 974 suae,et

147 989 241 1068 eruut
264 999 333 1066 duo
356 1002 391 1065 io
417 1021 546 1066 carnem
574 1023 679 1068 uuam.
726 1003 759 1070 o.
791 1005 904 1090 ltaque
928 1006 990 1068 iam
1018 1021 1083 1068 noo
1106 997 1230 1076 euotdoo,

147 1102 204 1198 sed
232 1123 295 1168 oua
317 1121 408 1168 earo:
439 1101 530 1192 quod
553 1123 631 1194 ergo
653 1105 743 1170 Deus
767 1103 945 1194 copulavit,
967 1105 1064 1170 homo
1084 1123 1121 1167 oe
1139 1109 1231 1188 reparet

148 1207 178 1274 7.
210 1203 334 1272 Dicunt
355 1201 417 1283 illi,
442 1201 514 1272 Cur
535 1229 613 1296 ergo
634 1208 748 1274 Moses
770 1209 863 1274 iussit
885 1205 964 1274 dare
985 1203 1121 1272 libellum
1139 1199 1230 1288 repudii.

146 1327 184 1373 ac
210 1307 368 1372 dimittere
393 1309 482 1372 aarui
530 1309 561 1375 8.
598 1311 654 1374 Ait
680 1309 759 1388 illia,
794 1310 908 1380 Moses
935 1307 979 1376 ad
1006 1302 1231 1374 duritiemrordir

145 1410 244 1476 vestri
270 1409 414 1496 permisit
435 1406 530 1476 vobis
552 1409 723 1500 repudiare
745 1433 862 1484 uxorea
884 1421 1021 1478 vestras:
1054 1419 1187 1475 caeterum
1205 1401 1229 1467 al

145 1508 238 1580 initio
264 1531 332 1576 uou
359 1509 421 1576 init
448 1512 505 1576 cic.
548 1513 579 1581 9.
615 1513 701 1578 Dico
724 1524 829 1580 auteur
850 1511 961 1591 vobis,
990 1511 1078 1601 quod
1098 1512 1237 1596 quieruqut

144 1611 363 1704 repudiaverit
390 1633 520 1678 uxorem
547 1633 655 1689 suam,
681 1615 745 1680 nisi
767 1615 811 1681 ob
833 1624 992 1704 stuprum,
1021 1625 1052 1680 et
1072 1615 1153 1678 aliam
1169 1610 1229 1674 dere

44 1705 46 1710 ¹
144 1715 200 1796 rit,
236 1715 264 1779 is
291 1716 458 1780 committit
484 1713 687 1785 adulterium:
722 1727 753 1786 et
780 1719 837 1807 qui
862 1713 1061 1812 repudiatam
1087 1713 1195 1792 duxerit,
1212 1711 1237 1774 a

144 1813 338 1882 adulterium
359 1819 535 1885 committit.

228 2017 368 2088 MARC.
381 2021 421 2088 X.
449 2021 481 2086 2.
503 2022 545 2088 Et
566 2019 720 2088 adeuntes
739 2022 901 2090 Pharisaei
922 2017 1151 2110 interrogabaut
1165 2013 1228 2088 illm,

143 2124 275 2192 Licetne
299 2126 371 2197 viro
393 2145 525 2191 uxorem
546 2123 735 2212 repudiare?
763 2134 920 2193 tentantes
942 2125 1045 2192 illum.
1085 2125 1114 2190 3.
1137 2121 1170 2188 m
1185 2121 1237 2202 ipset

142 2223 345 2314 respondeus
371 2225 450 2291 dixit
476 2225 555 2305 illis,
584 2225 675 2312 Quid
696 2225 792 2292 robia
814 2229 978 2314 praecepit
999 2226 1124 2293 Moses?
1157 2221 1179 2284 l.
1197 2215 1226 2281 tt

143 2337 248 2394 autem
271 2327 434 2407 dixerunt,
457 2327 569 2394 Moses
593 2329 737 2414 permisit
758 2327 903 2398 libellum
924 2329 1053 2416 repudii
1074 2323 1193 2398 scribere,
1206 2327 1237 2416 tt}

142 2428 310 2498 dimittere.
358 2429 390 2496 ὗ.
423 2430 469 2495 Et
495 2431 697 2518 respondem
722 2434 813 2498 leem
841 2431 919 2498 dixit
943 2431 1026 2510 illis,
1055 2429 1105 2499 Ad
1128 2427 1227 2492 daritim

141 2533 251 2600 cordio
272 2535 370 2599 vestri
391 2533 518 2620 scripsit
538 2529 635 2598 vobis
656 2533 720 2600 hoe
740 2545 955 2622 praeceptum.
997 2535 1029 2599 ti.
1049 2532 1187 2602 Caeterum
1202 2519 1225 2586 al

142 2637 235 2715 initio
262 2636 436 2726 creationis
463 2632 640 2701 masculum
667 2645 699 2705 et
723 2635 873 2704 leminam
901 2635 979 2702 lecit
1004 2634 1079 2704 illos
1103 2633 1182 2698 Ilem.
1208 2623 1225 2686 l·

142 2737 281 2825 Propter
302 2737 366 2804 hoc
386 2736 547 2824 relinquet
566 2737 667 2804 homo
687 2747 810 2825 patrem
831 2759 925 2804 suum
947 2749 982 2806 et
1001 2749 1135 2814 matrem,
1158 2723 1237 2816 elli-l

141 2835 288 2905 haerebit
311 2841 405 2905 uxori
428 2861 514 2906 suae.
558 2840 589 2906 8.
616 2841 657 2906 Et
679 2851 773 2907 eruut
795 2841 862 2907 duo
883 2843 919 2906 iu
940 2861 1067 2906 carnem
1088 2857 1172 2902 onam.
1190 2831 1225 2892 lit

139 2963 208 3029 que
229 2943 292 3006 iarn
313 2963 381 3008 uon
403 2951 478 3008 aunt
500 2941 577 3023 duo,
597 2941 655 3008 sed
673 2965 739 3010 una
760 2964 846 3011 earo.
890 2943 922 3010 9.
951 2941 1055 3030 Quod
1074 2943 1154 3028 igitur
1169 2935 1225 2998 lieu

137 3041 323 3130 copulavit,
347 3043 445 3110 homo
467 3064 509 3110 ne
530 3055 666 3132 reparet.
712 3047 765 3110 10.
793 3047 837 3113 Et
857 3047 892 3110 in
914 3045 1015 3112 domo
1036 3061 1150 3111 rursum
1165 3033 1237 3114 ‘litii

137 3145 210 3235 puli
231 3145 318 3212 illius
342 3146 453 3212 eadem
475 3143 517 3213 de
538 3169 574 3213 re
595 3147 832 3235 interrogarunt
852 3145 953 3212 illum.
1000 3147 1050 3214 ll.
1079 3147 1115 3212 Et
1133 3139 1189 3206 dicit
1202 3129 1224 3196 il·

137 3247 197 3332 tic,
225 3249 420 3336 Quicunque
442 3245 660 3335 repudiaverit
682 3271 816 3316 uxorem
836 3271 944 3330 suam,
977 3261 1009 3316 et
1035 3247 1144 3314 duxerit
1159 3240 1237 3334 aliamp

140 3351 334 3418 adulterium
356 3354 522 3418 committit
543 3354 577 3417 lu
598 3350 695 3417 illam.
739 3353 791 3418 lu.
815 3354 856 3417 Et
877 3355 907 3416 si
926 3351 1042 3418 mulier
1061 3337 1222 3436 repudiaretil

137 3455 247 3520 ‘virum
268 3475 371 3534 auum,
393 3463 423 3522 et
445 3455 590 3544 nupserit
611 3453 712 3536 alteri,
733 3453 924 3522 adulterium
947 3453 1114 3520 committit.

220 3721 391 3815 Quanqrum
409 3723 521 3788 aaran
533 3724 650 3788 curma
669 3725 791 3788 rasam
805 3725 954 3801 ruffina,
974 3737 1004 3788 a
1017 3723 1108 3786 ronse
1119 3708 1220 3813 amatr

141 3799 253 3860 riuutur
276 3811 308 3862 ut
334 3801 570 3876 circumveniant,
598 3801 705 3864 utiliter
723 3814 820 3864 tamen
838 3801 921 3865 nebia
939 3802 1023 3864 cessit
1040 3817 1131 3884 comm
1144 3787 1237 3848 ffll¹”²''

140 3875 224 3939 aienti
242 3877 383 3938 Dominus
401 3877 519 3940 mirifice
539 3877 569 3937 in
586 3897 702 3940 enorum
721 3876 870 3942 utilitatem
890 3890 1056 3940 convertere
1072 3881 1151 3942 nont,
1165 3877 1219 3949 pue

134 3974 253 4092 puraque
276 3954 311 4044 ud
335 3973 426 4087 verael
446 3953 600 4088 deusti-'inae
615 3953 827 4044 sulayerrlonem
851 3946 1138 4088 machinaumpdjmli·
1174 3940 1219 4064 ΝΣ

141 4031 1046 4188 ᾱὲοεἰΐξῖιεοὲεἰ[ἰξοῗυῗίΙίωέοἳιιίυηέἰυῗειῖωῗωίῃῗξῗτὲἰῗι.
1061 4051 1143 4165 nlmlt
1156 4053 1218 4178 ²!1lffi
1236 4133 1237 4166 t

141 4193 251 4271 arrepto
278 4193 321 4240 est
341 4181 478 4260 captionis
498 4201 577 4255 ausa,
602 4181 666 4261 quia
685 4183 715 4242 in
735 4195 882 4334 utrauppue
901 4191 1007 4263 partem
1025 4175 1154 4242 secuudum
1168 4177 1237 4240 ¹l⁵⁰¹.

142 4275 207 4348 noo·
222 4256 274 4315 nni
296 4256 393 4315 odiosa
411 4277 470 4317 esse
488 4268 603 4349 poterat
620 4257 776 4348 responsio.
848 4271 977 4334 morunt,
995 4279 1029 4319 au
1046 4255 1101 4316 viro
1115 4247 1217 4331 ΜΨ·
1236 4269 1237 4322 l

141 4331 259 4410 pumma
274 4351 395 4393 uxorem
414 4353 510 4412 quarn
529 4332 566 4394 dc
585 4353 679 4396 cama:
701 4355 726 4397 rr
744 4346 834 4420 neget
847 4333 985 4412 (imistua,
1002 4327 1139 4396 drmcltffl
1152 4327 1215 4392 W*
1236 4361 1237 4396 r
