2596 4840
163 188 188 252 Β
337 179 492 249 sacrm
511 183 553 250 u
590 183 732 252 loannis
748 185 937 252 narrum
955 200 1115 254 aarum.

178 359 185 368 ·
239 329 288 392 1³·
325 324 376 388 Ne
397 331 517 406 mur,
541 329 705 395 lochos-io.
746 331 917 396 Notandum
937 343 997 410 est,
1025 331 1085 394 Dei
1111 331 1234 418 gioriam
1253 331 1275 390 it

166 401 384 464 formidabilem
403 425 467 468 esse
485 407 617 484 Sanctis,
634 421 669 470 ut
688 429 751 470 non
770 431 890 492 prorsus
910 410 1123 473 absorbeantur
1143 429 1159 468 a
1177 427 1275 488 pauore

166 479 218 542 sed
238 491 353 540 tautum
377 493 411 542 nt
436 481 517 546 inani
535 484 638 546 fiducia
659 487 765 548 deiecti
790 487 940 548 bumiiiter
958 508 1024 547 eum
1043 485 1210 566 suspiciant.
1247 484 1275 543 Si

166 554 228 616 mul
253 575 327 638 ergo
351 577 386 618 ac
410 559 502 620 carnis
531 563 698 653 superbiam
727 565 884 656 prostravit
907 565 988 658 iteus
1012 565 1044 656 ip
1069 562 1128 624 suis
1155 559 1275 651 fideiibps

168 639 1275 799 {sittim{timii:0⁰:¹²..223‘2i'tt''tizttsstittutit

169 781 252 866 Deus
275 796 381 878 rustam
405 788 574 878 mercedem
599 812 631 850 re
654 792 736 852 endit
759 795 839 856 ranis
865 813 968 855 eorum
992 792 1118 870 solatiis,
1143 790 1275 880 quibusf

169 859 208 920 ad
238 861 380 996 peccundr
408 861 552 926 inserviam
582 813 742 962 inebriant.
791 869 893 946 Quare
922 869 995 931 baec
1022 869 1109 930 nobis
1135 865 1275 958 consolatu

169 937 1089 1098 ttt‘t‘ttittt‘,iuditiiitiittti‘ttii'tt'
1106 955 1275 1097 attilii

172 1098 206 1148 ut
226 1107 298 1168 pace
318 1089 463 1166 fruantur,
484 1113 515 1154 se
535 1095 815 1158 absconduntaDei
835 1099 919 1175 facie,
938 1121 1028 1181 quum
1048 1095 1135 1158 nobis
1154 1115 1210 1176 pax
1224 1117 1275 1174 apo

170 1181 239 1224 euna
252 1167 418 1254 quaerenda
430 1169 475 1230 sit.
512 1170 723 1234 Munus!
739 1179 867 1252 proemio
886 1189 945 1236 tuo.
983 1175 1143 1256 Perpcram
1157 1185 1187 1230 et
1200 1183 1275 1231 contr

172 1237 264 1331 pificia
283 1241 328 1302 sui
346 1244 492 1334 rationem
513 1247 616 1340 secisse
635 1251 728 1344 videri
748 1253 843 1344 possit
859 1253 1027 1327 Zacharias,
1052 1252 1075 1311 si
1097 1249 1276 1310 Saoctmrhtt'

170 1324 1276 1482 mactamur”uemaureumadietericus

171 1488 309 1560 persona,
328 1483 466 1610 ωιέιμιη
486 1479 530 1536 sui
543 1478 663 1552 obiitus,
683 1500 738 1571 pro
759 1483 907 1541 communi
919 1481 1069 1541 Ecclesiae
1088 1480 1182 1540 salute
1202 1497 1276 1558 prece

174 1563 344 1636 concipere.
407 1571 417 1608 ι
437 1551 574 1629 ducamus,
593 1555 668 1615 nihii
688 1577 719 1615 ru
740 1575 777 1618 eo
798 1557 886 1617 iuisse
905 1556 1034 1632 absurdi,
1076 1555 1135 1616 uod
1152 1553 1276 1613 Zacharia

172 1641 335 1714 praecipua
361 1627 579 1720 orandioparte
610 1632 771 1723 defunctus,
795 1635 1022 1726 secundoioco
1049 1577 1086 1692 de
1106 1651 1142 1724 ‚⁵²
1168 1629 1276 1710 privatio

174 1707 1276 1868 {succursui'arcipirata'aestucusancaa

173 1861 343 1927 provectam
363 1857 460 1916 uxoris
478 1869 619 1935 aetatem,
638 1879 694 1920 nec
713 1880 783 1920 saue
804 1881 839 1923 es
856 1861 953 1923 verbis
973 1861 1082 1944 Angcii
1103 1859 1219 1918 elicitur
1236 1877 1276 1917 cer

173 1933 236 1987 tum
256 1926 376 2016 aliquod
396 1937 538 2012 temporis
561 1948 753 1997 momentum.
798 1937 901 2012 Quare
919 1939 1091 2019 simpliciter
1112 1937 1276 2016 interprete*

176 2002 340 2063 exauditum
360 2008 477 2068 tandem
497 2011 586 2072 fuisse
598 2024 709 2086 votum,
730 2014 810 2092 quod
830 2013 887 2074 iam
907 2036 923 2076 a
943 2015 1037 2075 muito
1056 2025 1195 2092 tempore
1207 2029 1276 2070 romu

175 2073 242 2138 Deo
264 2079 419 2144 effuderit.
457 2087 554 2149 Porro
574 2090 777 2170 suscipiendae
818 2090 887 2151 roiis
907 2091 1097 2162 desiderium,
1117 2088 1209 2148 modu
1228 2083 1276 2145 absi

176 2169 330 2248 exuemus,
348 2159 428 2294 pium
450 2173 480 2222 et
503 2177 634 2225 sanctum
656 2184 719 2227 esse
738 2165 879 2246 coibgere
899 2169 968 2227 iicct
988 2185 1021 2226 ex
1042 2165 1210 2245 Scriptura,
1229 2181 1274 2240 qut

175 2231 330 2292 raterDer
372 2236 573 2302 snedictiones
598 2241 673 2303 ha'nc
692 2263 755 2303 uon
779 2243 883 2304 uitimu
905 2243 972 2304 ioco
992 2253 1137 2302 numerat.
1181 2235 1276 2300 Vocoii

175 2324 279 2400 mersu
296 2313 358 2370 sicca
374 2311 525 2376 Ioannem.
568 2319 686 2379 Nomen
706 2319 854 2404 baptistae
873 2319 1043 2400 impositum
1065 2317 1155 2378 suissc
1175 2315 1276 2376 mistim

174 2381 213 2450 ad
231 2405 291 2444 mm
311 2387 402 2452 officii
422 2391 482 2452 eius
502 2395 773 2458 commendandam.
819 2415 936 2476 pumma
954 2417 1009 2478 ΡΝ
1024 2413 1083 2476 ‘1¹¹⁰
1096 2392 1277 2454 Gnicilffln

176 2483 244 2526 nem
265 2470 381 2548 dicunt,
406 2475 549 2540 Hebraeis
572 2491 659 2540 sonat
683 2479 807 2541 Domini
820 2481 959 2556 padum.
1004 2479 1064 2539 Sed
1090 2479 1176 2540 multi
1195 2477 1232 2536 sic
1249 2463 1277 2532 vd

177 2553 274 2603 catum
299 2546 386 2610 fuisse
414 2564 518 2630 putant
543 2555 634 2616 fliium
658 2557 832 2632 Zachariae,
865 2555 946 2636 quasi
966 2555 1033 2615 Deo
1054 2553 1203 2616 dilectum.
1237 2551 1277 2628 fg*

176 2629 274 2678 sutem
286 2643 346 2714 nop
360 2629 494 2706 gratiam,
516 2653 572 2714 qua
592 2632 725 2713 privatim
738 2632 871 2714 dignatus
885 2643 929 2691 est
948 2631 1030 2692 iilum
1042 2631 1135 2705 Deus,
1156 2643 1277 2714 commeo

178 2693 272 2784 datam
294 2698 380 2760 iusssc
400 2705 543 2783 existimo,
559 2709 610 2768 sed
632 2729 717 2802 quam
739 2709 799 2768 eius
820 2709 930 2792 legatio
949 2709 1068 2768 aliatum
1081 2719 1145 2766 erat
1160 2703 1277 2766 omnibu!

179 2769 247 2830 Vrm
267 2783 364 2836 autem
385 2791 415 2838 et
433 2783 550 2860 pondus
571 2785 699 2845 nummis
722 2795 839 2868 tempus
864 2785 1038 2864 amplificat,
1062 2785 1129 2866 quia
1152 2793 1277 2864 autequu

177 2861 314 2912 nascatur
332 2855 444 2937 gratiae
461 2880 531 2920 suae
549 2860 715 2947 symbolum
734 2861 777 2925 iiii
796 2863 878 2926 Deus
898 2861 1046 2946 insculpit.

221 3091 284 3174 (a)
302 3086 405 3156 LUC.
425 3087 449 3154 1.
491 3087 541 3154 1⁴.
572 3087 614 3154 Et
642 3089 704 3154 erit
729 3085 880 3174 gaudium
906 3086 969 3154 tibi
1001 3096 1033 3154 et
1061 3083 1277 3158 exsultantur

178 3189 270 3260 multi
287 3192 468 3276 supcreius
487 3193 655 3256 nativitate
677 3187 874 3276 gaudebunt.
918 3189 968 3256 15.
988 3187 1059 3254 Erit
1077 3190 1162 3252 euim
1174 3199 1277 3268 magno

177 3313 286 3358 coram
307 3291 471 3368 Domino,
493 3301 526 3356 ot
545 3294 656 3356 vinum
682 3292 881 3375 siceramque
907 3309 976 3356 non
998 3287 1105 3354 bibetc
1134 3297 1167 3352 et
1189 3281 1277 3370 spiriu

178 3403 291 3457 sancto
312 3389 494 3476 replebitur
515 3393 577 3456 iam
599 3389 677 3456 inde
699 3387 741 3454 ab
772 3401 866 3456 utero
894 3392 1004 3454 matris
1026 3407 1118 3466 suae,
1151 3385 1201 3452 16.
1221 3375 1277 3447 Mul

177 3503 294 3579 torque
323 3489 465 3556 liliorum
495 3489 596 3556 israel
621 3502 789 3558 convertet
815 3489 857 3558 ad
884 3489 1061 3556 Dominum
1088 3489 1197 3554 Deum
1222 3485 1277 3567 ipsc

177 3615 258 3659 rum.
305 3591 356 3656 17.
386 3591 428 3657 Et
455 3595 526 3678 ipsc
547 3589 722 3678 praecedet
744 3603 818 3660 ante
841 3590 932 3658 illum
954 3611 1026 3656 cum
1049 3589 1172 3675 Spiritu
1194 3595 1224 3650 et
1243 3581 1277 3642 ub

177 3703 247 3758 tote
267 3691 375 3772 Eiiae,
400 3701 437 3758 ut
464 3701 631 3758 convertat
662 3691 762 3758 corda
788 3703 914 3782 patrum
936 3689 977 3756 ad
1005 3689 1107 3768 filios,
1136 3698 1168 3753 et
1195 3679 1277 3750 tuobe

179 3793 307 3862 dientes
329 3793 370 3858 ad
397 3793 602 3882 prudentiam
621 3793 793 3874 iustorum,
826 3803 863 3860 ut
891 3802 984 3880 paret
1003 3790 1149 3858 Domino
1178 3782 1277 3876 plebe!

175 3893 363 3982 perfectam.

253 4091 301 4152 14.
338 4081 409 4143 Erit
430 4079 484 4174 tibi
501 4077 651 4158 guardiam
703 4081 853 4146 Gaudium
881 4083 975 4144 maius
1007 4081 1142 4164 designat
1166 4069 1277 4210 nuptio!

181 4181 269 4254 quam
295 4159 375 4253 quod
403 4177 557 4250 percipere
581 4159 732 4222 Zacharias
761 4171 881 4242 poterat
907 4181 941 4220 ex
965 4179 1043 4252 nova
1071 4147 1277 4287 sobolesuiisrpet

178 4259 261 4376 iiii
269 4233 757 4398 .¹.i¹.¹.f⁰.11‘..⁵¹{2¹3⁶,t²c.tt,²¹ttt
770 4235 1277 4392 'titiam‘ttiffsttigsn
