2500 4852
153 223 213 300 Ite
433 225 631 298 sumu.
672 241 763 290 rusus
781 183 824 290 uir
841 241 1010 294 nrscnucs.
1062 253 1064 256 ·

161 395 175 435 ν’
235 380 345 468 (133.)
386 379 559 472 bIA'I'I’II.
573 381 691 448 XVIII.
732 381 788 449 21.
814 383 910 450 'Iunc
931 379 1078 448 secedens
1097 377 1233 447 Perorsi

154 473 241 568 eum,
267 487 362 566 dixit,
387 485 542 564 Domine,
569 487 697 572 quoties
718 483 865 574 pcocobit
885 487 921 552 irs
941 507 993 551 nse
1012 481 1100 550 irater
1116 503 1199 560 neus,
1214 491 1235 546 ct

153 594 309 660 rensittsm
333 591 381 654 eii
415 609 492 654 nnrn
512 609 616 674 usque
637 589 779 674 septies?
819 588 873 652 22.
901 589 989 654 Dicit
1008 587 1055 654 iIIi
1072 587 1161 664 Inus,
1181 585 1234 650 b'on

154 695 229 762 dico
245 693 305 760 tibi
319 711 424 780 osque
440 691 568 780 septies,
585 687 643 755 sed
659 709 763 778 usque
779 692 961 778 septuagies
978 691 1097 777 septies.
1126 685 1171 753 23.
1183 686 1233 752 Idco

155 793 364 872 dssirnilsturn
396 803 445 860 est
477 814 613 879 regnum
646 789 813 858 coelorum
839 791 962 857 bomini
989 793 1069 882 regi,
1098 792 1148 878 qui
1166 788 1232 854 soluit

154 901 304 968 conferre
329 899 470 966 rationes
497 917 570 962 cunr
597 896 698 962 servis
725 895 808 973 suis:
855 893 910 958 24.
935 893 978 959 Et
1004 913 1099 980 quun
1121 893 1234 978 coepisset

155 1003 316 1080 conferre,
335 997 474 1084 oblatus
496 1007 546 1064 est
566 999 596 1063 ei
618 1017 717 1076 nnus,
743 997 799 1084 qui
825 993 964 1061 debebat
990 996 1097 1062 decue
1114 994 1235 1060 tntae

153 1105 326 1174 lentorum.
371 1099 424 1166 25.
447 1097 619 1168 Caeterum
640 1120 739 1187 quum
761 1099 790 1164 is
811 1118 878 1164 non
900 1107 985 1164 esset
1005 1097 1161 1176 solvendo,
1177 1095 1235 1160 iussit

153 1229 227 1276 eum
249 1203 401 1274 dominus
421 1203 493 1269 eius
513 1201 715 1281 venumdari,
743 1210 776 1266 et
797 1222 928 1268 morem
949 1202 1020 1266 eins
1041 1211 1073 1268 et
1090 1199 1200 1276 Iberos,
1217 1205 1235 1258 st

154 1311 273 1390 omnio,
295 1325 379 1396 quae
401 1301 547 1384 babebat,
570 1325 609 1369 ac
629 1303 702 1370 Iieri
723 1301 928 1369 solutionem.
959 1302 1014 1370 26.
1036 1300 1189 1369 procidens
1202 1319 1235 1362 sr-

153 1393 218 1492 iens
239 1429 355 1478 servus
376 1400 432 1474 ille
454 1403 610 1475 adorabat
630 1403 735 1485 illurn,
756 1403 880 1486 dicens,
902 1405 1058 1486 Domine,
1079 1401 1243 1490 estopatins

153 1537 230 1603 ergo
250 1533 316 1594 sne,
343 1520 374 1577 et
396 1501 503 1588 onrnis
525 1506 584 1574 tibi
603 1507 745 1588 reddam.
792 1507 846 1574 27.
872 1505 1030 1574 Misertns
1055 1517 1151 1574 sotem
1171 1501 1243 1576 doni-i

152 1609 214 1684 rius
246 1613 332 1682 servi
370 1607 472 1692 illius,
506 1607 647 1678 absolvit
674 1631 761 1691 eum,
794 1620 826 1676 et
855 1631 909 1675 nes
936 1607 1076 1676 alienum
1101 1611 1197 1676 reuisit
1214 1605 1243 1668 dr

151 1719 206 1790 28.
239 1717 399 1802 Egressus
424 1735 505 1782 vero
532 1733 645 1778 servus
672 1711 743 1792 itte,
775 1713 897 1778 Invenit
922 1733 1023 1778 unum
1051 1711 1091 1778 dc
1117 1707 1236 1778 consutis

151 1821 234 1898 sois,
249 1819 321 1905 ·qui
347 1813 487 1882 debebat
514 1813 577 1880 sibi
606 1825 732 1880 centurn
760 1812 924 1880 denanoss
953 1825 986 1880 et
1012 1817 1124 1882 iniecto
1146 1817 1243 1894 benur

151 1931 262 2011 nanu,
293 1917 427 1987 obtorto
457 1915 544 1983 colIo
574 1915 734 1996 trahebat,
765 1914 891 1996 dicens,
924 1915 1027 1984 Solve
1058 1915 1141 2006 quod
1166 1907 1243 1980 debes*

151 2026 204 2090 29.
236 2023 279 2088 Et
299 2019 474 2110 procidens
496 2040 673 2088 conservus
695 2021 764 2086 eius
785 2017 920 2104 rogabat
939 2041 1031 2100 eum,
1059 2019 1169 2096 dicens,
1187 2017 1237 2081 Esto

152 2129 280 2218 patiens
302 2145 376 2211 ergo
399 2143 463 2200 me,
491 2132 523 2188 et
544 2124 650 2188 omnis
672 2120 802 2187 reddero
823 2120 891 2188 tibi.
933 2123 987 2189 30.
1011 2125 1055 2190 At
1074 2123 1126 2188 iIIe
1142 2117 1237 2190 nolebat,

151 2227 210 2294 sed
231 2226 322 2306 abiit,
344 2235 376 2292 et
396 2225 534 2290 coniecit
555 2247 627 2290 curn
649 2225 683 2290 in
704 2245 877 2302 carcerem,
900 2221 1009 2292 donce
1030 2225 1167 2292 redderet
1181 2217 1237 2285 deh's

150 2340 230 2398 tour.
273 2330 326 2395 31.
347 2327 453 2395 Porro
475 2348 574 2413 quum
596 2325 751 2394 vidIssent
772 2329 922 2396 conservi
942 2331 1030 2409 eins,
1055 2348 1133 2416 quse
1150 2321 1243 2396 fiebant,t

149 2429 362 2500 indoluerunt
388 2427 485 2495 valde
515 2438 547 2494 et
573 2437 744 2508 venerunt,
778 2430 1039 2518 operueruntque
1066 2431 1181 2496 donico
1199 2439 1237 2486 sot

150 2531 272 2614 ornnio,
302 2555 385 2621 quae
406 2531 489 2599 tacta
506 2529 644 2598 inerant.
687 2529 741 2596 32.
771 2531 867 2598 Tunc
886 2533 1055 2600 arcessivit
1074 2531 1155 2598 Ilium
1173 2522 1237 2592 doni

147 2658 210 2702 ntes
232 2656 325 2716 suus,
348 2645 379 2702 et
399 2635 445 2700 nit
464 2631 530 2713 ilii,
552 2635 652 2701 Serve
673 2633 822 2713 sceleste,
847 2643 950 2702 totunr
968 2634 1114 2704 debitum
1131 2629 1193 2699 Illud
1207 2615 1243 2690 rei

147 2740 219 2804 misi
239 2735 314 2816 tibi,
340 2757 437 2823 quum
459 2733 666 2802 obsecrasses
687 2755 751 2800 me:
798 2736 852 2803 33.
878 2735 1000 2805 Nonne
1028 2738 1161 2827 oportuit
1180 2741 1202 2796 ct
1218 2737 1237 2790 tr

146 2840 291 2927 misereri
313 2833 463 2904 conservi
484 2839 539 2919 toi,
561 2839 644 2905 sicut
665 2847 697 2904 et
718 2859 779 2925 ego
801 2839 848 2905 tui
869 2843 1019 2908 misertus
1042 2861 1132 2908 eron.
1158 2835 1197 2900 st.
1211 2829 1236 2892 ΕΙ

117 2943 245 3008 'iratus
272 2938 424 3008 doninus
449 2942 532 3020 eius,
560 2938 694 3006 tradidit
719 2962 792 3006 eum
819 2941 1017 3023 tortorIbus‚
1045 2939 1236 3030 quoadusque

144 3045 295 3111 redderet
315 3051 427 3124 totum,
449 3041 538 3132 quod
558 3040 737 3108 debebatur
757 3043 832 3110 sihi.
874 3045 927 3110 35.
950 3041 1008 3112 sic
1030 3056 1063 3112 et
1080 3048 1161 3111 Peter
1176 3049 1235 3102 nott

144 3147 294 3214 coelestis
322 3145 417 3212 Io'ciet
442 3143 551 3226 vobis,
579 3147 607 3212 si
632 3165 702 3212 non
728 3147 911 3215 remiseritis
938 3168 1003 3216 suo
1032 3151 1159 3238 quisque
1178 3131 1236 3207 toti

145 3271 184 3317 ex
206 3245 363 3317 cordibus
383 3250 499 3317 vestris
519 3245 636 3315 delicte
654 3246 794 3316 illorum.
1242 3261 1243 3336 t

140 3457 143 3465 ’
226 3443 330 3514 LUC.
350 3443 456 3514 XVII.
500 3445 530 3510 4.
557 3441 601 3510 Et
627 3431 657 3510 si
682 3444 800 3532 septies
829 3444 864 3510 in
892 3441 946 3510 dis
966 3443 1142 3532 peccaverit
1164 3440 1188 3504 iu
1210 3439 1233 3506 It

139 3547 332 3715 33:1th
335 3547 370 3614 in
391 3546 445 3615 dte
466 3565 645 3616 conversus
667 3545 764 3614 inerit
784 3544 827 3613 ad
844 3556 885 3630 te,
905 3546 1027 3630 dicens,
1049 3547 1233 3615 Poeninus

213 3865 316 3928 Matth.
334 3867 383 3952 21.Ι
420 3868 544 3928 Βοωίηε
565 3869 683 3947 quoties
701 3870 838 3948 peccabit
860 3877 917 3928 etc.
955 3866 1023 3928 Hoc
1043 3862 1144 3928 obiecit
1161 3859 1231 3921 Pe·

137 3959 172 4004 ex
191 3943 334 4004 communi
355 3943 447 4006 carnis
465 3963 549 4006 sensu
568 3955 599 4004 et
616 3943 744 4028 ingenio.
771 3942 942 4007 Nebnaiiter
960 3941 1090 4004 omnibus
1109 3935 1231 4020 ingentu·

136 4029 189 4094 cst,
207 4029 240 4078 ot
257 4017 311 4080 sibi
324 4019 414 4081 velint
431 4019 556 4104 ignosci:
576 4019 671 4101 itaque
689 4022 713 4084 si
732 4021 794 4104 quis
812 4041 873 4081 non
892 4019 985 4080 statim
998 4018 1109 4080 veniam
1124 4013 1230 4093 imptis&

136 4093 228 4177 rigide
246 4115 343 4156 secum
361 4096 407 4178 agi
426 4107 455 4157 et
472 4095 663 4159 inhumaniter
682 4099 818 4179 queritur.
857 4097 916 4158 Sed
938 4095 1057 4157 muitum
1080 4093 1152 4154 ebert
1170 4097 1196 4145 ui
1210 4097 1232 4138 ¹²

8 4219 16 4233 ,
135 4179 203 4251 erge
221 4170 290 4232 alios
310 4183 368 4233 tarn
387 4171 482 4233 faciles
500 4172 667 4253 praebeant,
690 4175 738 4256 qni
757 4174 914 4237 elementer
936 4169 1095 4260 seeumjgi
1112 4160 1228 4248 pmii*

133 4244 213 4326 Ergo
229 4267 317 4326 quum
334 4267 401 4310 suos
418 4249 453 4309 ad
465 4251 709 4312 mansuetudinem
727 4251 854 4313 hortatus
873 4260 948 4312 esset
961 4248 1108 4318 Dunense,
1125 4244 1196 4304 Petro
1208 4249 1230 4324 111Ὶ

133 4331 260 4386 mentem
278 4323 359 4387 venit
376 4319 430 4388 iste
446 4323 597 4388 dubitabo:
624 4326 705 4406 Quid
721 4327 786 4410 fiet,
807 4328 832 4394 ri
849 4327 885 4392 sd
903 4327 1020 4390 dmm
1038 4321 1142 4388 veniam
1157 4317 1188 4376 to
1201 4329 1228 4371 e·
