2522 4852
313 233 463 310 (bl-32·
489 229 571 292 leant
589 229 745 306 tentatur.)
1037 237 1094 298 111

42 372 327 454 ermensendis
353 373 404 442 illi
426 377 536 442 omnia
555 395 657 461 regna
678 371 770 441 orbis
790 383 896 440 terrae
917 374 952 440 in
973 385 1094 460 puncto

40 477 148 562 inperia
169 477 194 540 6.
211 475 250 540 Et
267 475 309 540 ait
328 472 380 540 illi
401 472 564 552 diabolus,
586 472 665 540 Tibi
687 472 777 540 dabo
799 483 990 562 potestatem
1012 475 1096 541 banc

39 579 161 639 misenam
180 585 207 639 ct
225 573 353 662 gloriam
375 573 516 654 illorum,
537 575 615 662 quia
633 575 712 640 mibi
727 573 844 642 tradita
865 586 955 644 sunt:
976 585 1008 640 et
1030 579 1096 641 cui-

38 698 117 762 usque
133 673 207 754 rulo,
222 675 262 754 do
282 673 380 741 illam.
422 677 450 742 7.
474 675 527 739 Τιι
547 695 625 758 ergo
647 677 675 741 si
694 673 883 742 adoraveris
901 674 1094 764 provolutus

38 796 103 838 nean
118 797 172 852 ne,
197 786 283 841 erunt
305 786 360 841 tna
387 776 504 839 omnia.
545 775 575 838 8.
602 774 646 838 Et
670 775 874 861 respondens
899 776 990 841 lesus
1015 775 1094 842 dixit

36 873 413 963 intumescentem,
434 876 587 960 scriptum
611 884 660 939 est
681 877 774 956 enim,
795 875 959 942 Adorabis
980 875 1094 943 Domi-

36 974 174 1038 rmlleuu
192 985 289 1054 tunm,
315 985 349 1040 et
368 972 461 1040 illum
481 971 590 1052 solnm
616 973 714 1042 coles.
756 973 788 1040 9.
820 976 862 1044 Et
892 977 981 1048 duxit
1000 975 1093 1042 illum
1133 970 1135 973 ’

36 1073 232 1159 homirnam,
250 1076 425 1161 statuitque
447 1094 521 1139 eum
540 1093 642 1160 snper
661 1077 792 1160 pinnam
815 1077 943 1164 templi:
963 1088 997 1144 et
1017 1078 1097 1146 dixit

38 1171 68 1248 tt,
81 1175 103 1236 Si
118 1173 204 1240 l'ilins
222 1175 285 1240 Dei
308 1197 353 1256 es,
374 1177 465 1239 mitte
486 1183 519 1240 tc
538 1175 643 1262 ipsum
663 1175 740 1240 hinc
756 1175 917 1244 deorsum.
943 1178 994 1244 10.
1010 1178 1096 1261 Scri·

36 1283 85 1356 plan
96 1285 130 1338 est
146 1277 228 1354 enim,
247 1273 338 1364 quod
362 1273 486 1360 angelis
506 1277 574 1340 suis
595 1273 763 1342 mandabit
783 1275 826 1344 de
849 1287 890 1358 te,
911 1289 948 1344 ut
964 1290 1096 1348 servent

36 1383 61 1436 te:
85 1375 164 1440 tter
181 1377 266 1464 quod
285 1379 323 1443 in
341 1375 491 1442 manibus
512 1373 630 1441 tollent
651 1383 692 1455 te,
713 1397 757 1441 ne
778 1377 930 1444 oliendas
952 1378 994 1444 nd
1013 1379 1095 1466 lapi-

38 1473 175 1560 lerpeden
194 1488 289 1541 tumn
334 1475 386 1541 ta
412 1476 455 1540 Et
475 1474 681 1562 respondens
700 1474 781 1540 dixit
799 1475 863 1556 illi,
883 1476 1015 1544 Dictum
1036 1490 1094 1560 est,

42 1569 85 1636 isa
100 1573 207 1642 tentabis
233 1574 413 1642 Dominum
441 1575 551 1642 Deum
577 1585 676 1641 tuum.
723 1575 773 1640 13.
807 1576 850 1642 Et
877 1590 1095 1649 consummata

42 1675 262 1757 nutantque,
287 1673 444 1742 diabolus
465 1677 600 1743 recessit
621 1673 663 1740 nb
685 1696 727 1742 eo
749 1697 853 1764 usque
874 1677 917 1745 ad
938 1689 1073 1766 tempus

78 1837 192 1906 tuus
229 1841 322 1902 Turre
339 1843 459 1902 martit
476 1839 618 1905 diabolus
654 1841 725 1902 Non
744 1842 843 1924 magni
863 1842 997 1919 interest,
1016 1847 1096 1925 qnod

35 1909 200 1978 mundo
219 1916 289 1980 loco
309 1916 507 1978 tentationem
529 1919 644 1993 recitat,
663 1938 738 1997 quae
756 1919 788 1978 in
801 1930 982 2000 postremum
996 1921 1095 1982 locum

33 1989 151 2054 albulam
167 1995 308 2055 reiicitur:
334 2013 432 2074 neqem
452 1996 531 2054 enim
551 1994 734 2074 propositum
754 1994 947 2080 Evangelistis
973 1996 1029 2058 tuit
1048 1995 1095 2060 hi·

33 2069 169 2130 ten'aeblnn
190 2073 232 2132 rie
255 2081 434 2145 contexere,
458 2082 493 2130 ut
514 2071 658 2150 temporis
682 2071 829 2132 rationem
852 2091 970 2153 semper
993 2085 1094 2135 exacte

31 2157 135 2220 suanm,
153 2147 199 2206 ael
223 2167 325 2208 renam
344 2167 471 2208 summas
490 2145 644 2228 colligere,
668 2159 704 2208 ut
721 2149 751 2207 ia
777 2147 899 2227 speculo
924 2149 970 2208 vel
993 2149 1095 2211 tabula

30 2233 176 2314 inputem,
192 2243 266 2304 quae
286 2223 327 2314 ιιι
347 2222 467 2314 Christo
487 2223 609 2315 maxime
628 2223 710 2316 utilia
729 2234 798 2284 sunt
816 2224 949 2306 cognitu.
973 2227 1095 2288 Tenere

30 2297 1097 2449 tt:t&chifflettrthhttltltthttittmnitt‘httz
1162 2377 1171 2391 ⁵

29 2442 143 2511 ltbutenae.
178 2451 214 2514 ln
244 2453 433 2533 expositione
459 2472 566 2534 sequar
589 2452 732 2512 Matthaei
756 2463 934 2512 contextum.
977 2453 1097 2515 Dicitur

29 2518 112 2604 iltutus
130 2527 229 2590 lutatus
252 2549 346 2621 super
366 2529 487 2666 pinnam
511 2529 624 2609 templi.
668 2529 834 2604 Quaeritur
856 2541 968 2606 autem,
996 2551 1034 2591 an
1061 2549 1096 2593 re

29 2615 160 2726 rimu
178 2608 266 2666 merit
285 2627 318 2665 ιιι
337 2627 372 2666 su
394 2605 474 2680 liure,
492 2627 530 2666 an
551 2625 622 2666 vero
642 2625 696 2686 per
714 2605 858 2666 visionem
874 2605 904 2666 id
919 2606 1028 2668 lactum
1048 2609 1095 2670 eit.

42 2676 114 2758 larque
138 2683 324 2761 pertinaciter
352 2695 500 2757 merant,
531 2702 631 2742 verum
657 2694 688 2743 et
713 2680 821 2742 realem
848 2689 895 2756 <ut
919 2683 1096 2764 loquuntur)

28 2744 203 2842 incorpora
222 2771 356 2839 raptum,
382 2759 450 2850 qnia
475 2757 629 2840 iudignum
653 2770 772 2840 putant,
798 2758 947 2822 Christum
968 2761 1094 2822 Satanae

28 2833 1094 2973 tatuaaastertente}rttttattttttaattata

26 2981 120 3044 nane
136 2988 220 3064 intus,
243 2935 315 3049 ¹laos
334 2999 378 3048 est
397 2932 433 3047 in
458 3000 559 3047 mente
582 3000 615 3047 et
638 2951 749 3064 anima:
780 2936 933 3068 qaiiqnam
959 2955 1096 3070 putemui

26 3067 95 3143 [Ψ
117 3063 203 3124 lunae.
239 3063 283 3124 Ea
311 3063 395 3144 quod
424 3075 526 3144 postea
555 3063 724 3137 subiicitur,
754 3065 785 3124 in
809 3075 971 3144 conspectu
1000 3065 1097 3140 posita

27 3128 101 3218 [hta
116 3137 193 3202 tntae
212 3139 315 3202 omnia
335 3159 426 3222 regna
446 3139 562 3200 mundi:
581 3141 655 3202 item
674 3139 756 3220 quod
773 3137 877 3200 scribit
896 3140 1000 3213 Lucas,
1019 3151 1095 3198 tem·

27 3221 220 3334 nunonem
246 3213 353 3310 procul
380 3215 469 3278 lubre
491 3216 675 3294 traductum,
701 3214 806 3278 risioni
831 3220 922 3296 magis
947 3216 1095 3300 convenit.

59 3301 171 3352 tehen
189 3293 296 3368 (lubra,
322 3305 353 3352 et
375 3313 463 3372 quam
488 3293 599 3374 absque
618 3292 751 3374 periculo
776 3290 889 3351 nescire
910 3290 994 3366 lieet,
1017 3293 1095 3352 malo

24 3361 112 3444 Q
131 3370 324 3451 respendere,
352 3389 440 3449 qnam
466 3369 660 3432 contentiosis
673 3367 816 3450 praebere
833 3367 968 3450 litigandi
988 3387 1096 3430 ansam.

25 3429 69 3494 Μ
82 3444 151 3505 enan
170 3459 285 3528 potest,
305 3457 339 3506 ut
356 3446 486 3506 secunda
504 3447 632 3508 tentatio
652 3466 713 3507 non
734 3447 772 3505 sit
790 3447 933 3505 continuo
952 3457 1012 3504 tem
1036 3447 1095 3507 oris

24 3527 106 3594 ’,(ῑῢιι
122 3523 239 3602 primam
257 3534 399 3602 sequuta,
422 3541 479 3582 nec
497 3525 657 3583 secundam
676 3522 777 3595 tertia,
803 3519 855 3581 sed
874 3521 982 3602 aliquid
1017 3523 1094 3582 uerit

23 3596 133 3674 Qut,
151 3601 239 3694 idque
258 3599 352 3692 magis
371 3597 528 3736 probabile
548 3612 608 3660 est:
640 3617 806 3680 quanquam
828 3617 862 3656 ea
879 3597 977 3658 verbis
997 3597 1096 3658 Lucae

26 3355 76 3375 ι..

22 3660 101 3744 usn,
116 3695 171 3736 ιιοιι
190 3675 359 3738 mteriursse

21 3751 50 3810 l·
63 3749 166 3822 ῖιίιιιιιι
185 3754 275 3814 tabae
294 3753 426 3815 Christo.
464 3751 532 3814 Hoc
552 3773 623 3814 vero
642 3754 718 3814 seire
742 3751 860 3810 adrem
884 3750 1007 3810 maxime
1049 3771 1096 3812 er-

21 3825 153 3912 bt{querit
176 3831 337 3910 captaverit
363 3829 453 3890 Satan
479 3827 511 3888 in
538 3827 593 3920 bac
617 3827 789 3889 tentationis
812 3828 926 3908 specie,
955 3771 1045 3920 quoti
1063 3848 1097 3890 ex

20 3887 89 3958 [Μ
104 3923 237 3998 rerpoqao
257 3905 428 3996 ducendum
448 3916 504 3981 est,
524 3906 610 3966 sicuti
630 3904 718 3985 paulo
737 3915 806 3996 ante
825 3904 974 3996 admonui.
1007 3904 1097 3968 Chri·

19 3978 520 4136 uaesanae
545 3981 749 4120 :tentat
773 3993 1016 4138 attestata:
1038 4001 1097 4118 ta

20 4137 119 4194 'mete
159 4137 229 4198 ostie
251 4133 385 4208 iusidias,
415 4144 449 4192 nt
472 4153 504 4194 se
527 4147 646 4216 praeter
676 4135 784 4226 instpm
815 4134 936 4194 modurn
967 4133 1096 4192 elierens

12 4203 191 4298 tumtum
217 4223 331 4272 temere
353 4211 529 4271 insereret.
567 4211 653 4273 Prius
677 4211 828 4274 Christum
854 4222 976 4302 cpnatns
1000 4209 1097 4298 luerat

21 4265 76 4364 ΜΡ
94 4303 120 4346 ιιι
143 4287 382 4378 desperationem
399 4299 446 4348 tra
469 4306 534 4361 ere,
560 4289 628 4367 quia
652 4287 731 4348 victu
757 4299 788 4346 et
813 4286 968 4378 ordrparns
991 4282 1097 4344 medne

188 4388 197 4426 e
218 4363 353 4426 ennead
373 4383 490 4426 manem
510 4377 541 4425 et
561 4375 711 4428 ventosam
723 4363 932 4426 confidentiam
950 4359 1097 4424 eurnsol-

389 3695 502 3758 ongum
521 3677 658 3757 spatium,
677 3675 746 3755 quia
764 3673 834 3734 dicit
853 3673 948 3734 datam
965 3674 1002 3733 ad
1019 3684 1095 3735 tem·
1208 3736 1215 3744 ,
