2568 4848
180 289 220 350 ol
371 273 524 340 seculo
544 275 601 338 ΙΙΙ,
640 275 717 336 lusu
736 289 884 336 narseus
904 287 946 334 er
965 286 1133 334 marma.

182 424 312 488 Perinde
332 442 406 506 ergo
426 432 471 484 est
489 419 548 482 acsi
567 415 711 501 Angelus,
731 417 824 480 allatis
843 419 873 480 iu
893 417 1021 479 medinm
1032 415 1272 499 Prophetarum

180 505 300 576 liciniis,
319 512 436 583 pararet
453 498 581 558 animum
592 497 700 576 loseph
713 497 749 556 ad
761 495 978 577 amplexandam
991 507 1175 577 praesentem
1185 495 1272 576 gratier

259 587 308 644 21.
350 573 600 636 Vosmdr'snomeo
619 576 681 632 m‘ses
698 572 806 633 Iesum.
848 573 896 632 De
921 575 983 653 ipsa
1002 591 1076 632 voce
1102 571 1226 631 breviter
1260 595 1272 628 u

184 658 267 730 deum
291 653 342 716 red
363 663 505 734 quantum
525 650 593 710 satis
613 661 692 724 erat,
719 671 807 730 supra
827 649 957 709 disserui.
994 649 1082 708 Nune
1101 669 1190 707 urrurn
1210 593 1270 706 adds

184 735 338 803 duntaxat,
371 727 494 788 relutari
519 723 628 807 Angeli
658 726 755 787 verbis
782 746 886 785 eorum
911 723 1061 798 delirium,
1081 725 1131 818 qui
1155 745 1171 784 a
1197 723 1272 782 lelmr

185 805 331 871 essentiali
351 805 409 865 Dei
428 803 566 877 nomine,
586 800 750 862 deducunt:
783 824 896 862 causam
922 802 1001 860 enirn
1023 802 1157 881 erprrmit
1177 799 1272 882 Angeln

185 909 238 947 coc
266 886 305 944 ita
335 881 484 942 vocandos
508 880 546 938 sit
574 879 664 938 Filius
684 879 756 951 Dei,
789 878 870 953 Quia
900 899 939 958 po
962 877 1043 938 ulum
1072 899 1157 937 suom
1188 875 1272 936 serond

184 961 273 1021 Unde
294 959 411 1018 elicitur
431 955 579 1016 contraria
600 953 796 1038 etymologia,
816 975 904 1035 quam
924 899 965 1015 ilii
986 955 1107 1036 fingant
1147 953 1190 1014 dc
1209 953 1269 1011 snat

183 1040 242 1100 isto
263 1035 366 1097 cavillo
387 1032 464 1092 elabi
483 1043 645 1104 conantur,
671 1033 791 1112 proprie
812 1043 842 1091 et
861 1043 931 1112 apte
949 1031 1065 1105 subiici,
1085 1029 1229 1091 Christum
1247 1030 1272 1086 lo

184 1113 283 1176 salutis
304 1123 472 1180 auctorem,
492 1110 560 1188 qnia
580 1119 716 1167 aeternus
736 1109 774 1168 sit
792 1107 884 1167 Deus.
922 1109 1028 1186 Neque
1048 1108 1127 1166 enirn
1148 1105 1203 1166 lroc
1221 1107 1272 1184 agio

184 1191 296 1262 solam,
316 1185 490 1268 quidnobis
511 1185 591 1243 Deus
612 1195 754 1264 praestet:
779 1184 830 1244 sed
851 1183 926 1244 Filio
947 1183 1008 1242 eius
1028 1203 1063 1241 ex
1082 1203 1115 1242 re
1135 1203 1237 1244 nomen
1254 1183 1272 1238 in

183 1266 308 1348 ponitur
329 1285 362 1322 cr
381 1261 535 1334 mandato,
567 1261 648 1340 quod
676 1259 718 1318 illi
743 1261 906 1320 iniunctum
928 1272 973 1319 est
992 1279 1007 1318 a
1027 1259 1134 1334 Patre,
1164 1281 1196 1318 ex
1214 1259 1269 1317 offic

185 1364 244 1423 quo
271 1340 419 1423 praeditus
443 1337 479 1397 ad
505 1356 560 1397 nos
587 1337 748 1396 descendit
797 1337 857 1395 lam
883 1356 954 1395 vero
981 1335 1152 1428 plusquam
1179 1335 1272 1394 insulso

184 1431 239 1492 est,
258 1439 348 1498 quum
369 1416 443 1474 duae
463 1415 535 1474 istae
547 1433 633 1472 voces
645 1413 712 1472 lesu
734 1425 764 1472 et
783 1413 891 1472 lehova
911 1433 972 1471 oon
998 1413 1052 1470 nisi
1072 1433 1101 1470 an
1121 1411 1227 1471 duabus
1244 1411 1272 1468 lu

184 1497 223 1556 ris
244 1493 438 1563 conveniant,
457 1494 487 1549 in
508 1489 571 1549 aliis
591 1501 687 1549 autem
708 1488 864 1562 disserant,
884 1509 959 1580 puae
978 1487 1050 1548 nihil
1070 1487 1181 1548 habent
1200 1507 1272 1568 procu

184 1572 319 1632 interae
348 1568 496 1628 affinitatis
534 1565 619 1626 simul
639 1565 779 1641 miscere,
812 1585 894 1645 quasr
919 1586 1009 1624 uuum
1029 1565 1068 1624 sit
1087 1585 1205 1624 nomen.
1238 1563 1271 1620 'la

183 1647 332 1709 conflandi
351 1664 444 1725 genus
464 1641 641 1702 alchumistis
660 1640 808 1720 relinquo,
830 1641 935 1720 quibos
953 1663 1014 1701 oon
1034 1641 1161 1700 meltum
1174 1639 1272 1699 absimili

183 1737 253 1785 suat
272 1721 468 1794 eabbalistae,
492 1719 543 1798 qai
568 1718 682 1797 putidas
703 1721 770 1778 istas
791 1721 949 1796 inanesque
975 1718 1101 1800 argutias
1123 1719 1207 1776 nobis
1225 1715 1272 1772 labr

184 1812 260 1861 eant
299 1799 325 1856 E
362 1819 381 1858 o
402 1796 492 1855 Filios
511 1795 580 1869 Dei,
599 1815 689 1873 quum
710 1794 746 1853 ad
767 1815 822 1854 nos
841 1813 929 1853 carne
948 1795 1066 1854 indutus
1086 1793 1212 1872 prodiit,
1228 1791 1272 1850 sinu

184 1875 298 1956 accepit
317 1894 333 1934 a
378 1885 441 1932 atre
460 1891 582 1945 nomen,
602 1891 636 1929 er
656 1891 715 1949 quo
757 1869 831 1930 alam
851 1870 947 1944 fieret,
966 1889 1053 1950 quem
1073 1871 1105 1929 in
1127 1871 1272 1928 finemven

184 1951 391 2088 lauari
411 1891 1272 2103 :saunericlairmannum

183 2110 264 2191 quod
294 2127 412 2168 servm
438 2103 592 2189 significat.
651 2105 799 2166 llebraice
829 2106 947 2184 quidem
984 2104 1068 2165 aliter
1100 2107 1272 2185 pronontiata

184 2205 291 2266 nempe
311 2184 490 2244 lehosclma:
519 2183 571 2243 sed
591 2181 810 2264 Evangelistae,
836 2203 925 2316 Ἓιιιιι
946 2201 1050 2262 graece
1070 2182 1242 2250 seriberent,
1258 2195 1272 2234 ιι

184 2275 301 2344 eeptnro
324 2260 465 2340 loquendi
486 2281 569 2320 usum
590 2259 705 2338 sequuti
726 2269 803 2318 sunt.
877 2279 922 2318 aur
943 2259 1040 2338 graeci
1060 2260 1141 2317 inter
1163 2269 1231 2316 retes
1248 2267 1272 2311 tn

183 2340 259 2422 apud
271 2339 386 2408 Mosco,
406 2357 492 2416 quam
513 2336 544 2394 in
564 2333 625 2394 aliis
646 2335 729 2395 libris
746 2334 958 2394 transtulerunt
976 2335 1090 2402 Ἰησοῦν.
1130 2279 1272 2410 dunilensi

183 2416 353 2498 coarguitur
378 2431 481 2473 eorum
507 2412 636 2485 inscitia,
668 2412 719 2490 qui
746 2431 855 2471 nomen
883 2410 950 2470 lesu
971 2433 986 2473 a
1006 2411 1119 2470 lehora
1141 2413 1271 2486 decorque

183 2495 280 2573 potius
322 2511 387 2549 uana
409 2489 556 2548 derivant:
586 2489 697 2546 ducunt
728 2489 805 2546 enim
832 2487 874 2546 illi
899 2507 955 2566 pro
982 2507 1091 2569 magno
1117 2487 1250 2554 absurdo,

182 2585 294 2628 sacrum
337 2587 374 2627 oc
394 2583 504 2624 nomen
525 2582 682 2623 commuue
700 2564 832 2623 mortalis
852 2564 994 2643 quispiam
1016 2565 1105 2625 homo
1127 2563 1223 2622 lrabeat
1240 2577 1271 2616 ιιιι

182 2644 260 2703 Filio
279 2642 356 2716 Dei,
375 2659 409 2700 ae
428 2636 541 2721 tragice
561 2639 737 2711 exclamant,
763 2661 910 2718 uunquam
936 2661 1087 2720 passurum
1119 2640 1206 2698 luisse
1223 2635 1271 2694 tile

183 2731 270 2792 stum,
290 2719 331 2778 eie
350 2734 461 2775 nomen
480 2731 564 2775 suom
607 2715 745 2773 colauari.
785 2715 879 2788 Quasi
895 2735 966 2776 vcro
988 2716 1106 2776 nonsit
1127 2715 1158 2774 in
1179 2717 1271 2794 prompt

181 2791 444 2868 anteponamus
464 2735 632 2850 hominilius
649 2811 757 2850 nornen
770 2790 836 2851 lesu
856 2811 918 2850 noo
938 2794 1033 2852 minus
1045 2813 1131 2872 quam
1153 2787 1271 2850 lelrosclul

127 2888 130 2897 ¹
182 2867 271 2928 luisse
290 2885 457 2926 commune.
502 2865 589 2927 Nunc
609 2867 675 2945 quia
700 2868 769 2927 satis
794 2879 927 2943 constat,
951 2869 1057 2930 Filium
1079 2870 1138 2928 Dei
1164 2867 1212 2927 suls
1234 2881 1270 2920 rol

182 2943 250 3003 lesu
271 2942 358 3002 uobis
376 2942 576 3003 commendari
596 2943 695 3004 salutis
715 2956 882 3019 auctorem,
907 2947 1029 3025 propius
1056 2948 1226 3004 excutiamus
1243 2941 1270 2996 a:

204 3019 242 3111 eli
272 3017 372 3078 verba.
414 3018 553 3092 Scelerum
585 3020 697 3098 inquit,
727 3021 829 3116 foetet
850 3021 994 3096 ροριιῙιιιιι
1023 3043 1107 3081 mae
1137 3043 1156 3080 n
1180 3015 1270 3094 peccati

208 3115 285 3186 prmo
304 3094 465 3154 tenendam
486 3107 544 3170 est,
569 3097 702 3176 perditos
726 3119 757 3158 ιιι
783 3117 815 3157 se
841 3097 911 3177 ipsis
931 3119 1009 3172 esse,
1039 3099 1146 3177 quibus
1170 3089 1270 3155 serrand

180 3172 307 3231 arrttitur
331 3167 479 3231 Christast
513 3174 684 3233 nominatim
716 3185 812 3232 autem
843 3185 966 3234 vocatur
995 3176 1146 3235 Ecclesiae
1175 3175 1270 3231 serrum

181 3247 215 3307 si
242 3247 272 3306 in
297 3257 394 3307 morte
419 3259 450 3308 et
473 3248 596 3308 interitu
616 3249 742 3308 demersi
762 3260 846 3325 suot,
901 3271 953 3311 uos
973 3251 1029 3312 sibi
1050 3251 1131 3310 Deus
1151 3235 1270 3311 coniunxi

180 3323 277 3414 donec
295 3325 386 3413 vitam
411 3323 468 3383 illis
493 3327 627 3385 restituat
647 3327 798 3400 Christus,
830 3271 900 3405 quid
925 3325 961 3386 de
987 3327 1132 3388 extraneis
1155 3319 1269 3384 dicendo

181 3412 253 3472 emt,
277 3399 385 3478 anbos
408 3399 487 3460 nulla
512 3421 639 3481 unquam
666 3402 776 3462 affulsit
800 3421 866 3482 spes
890 3403 986 3463 vitae?
1017 3423 1110 3484 quare
1129 3395 1269 3462 statuendu

179 3486 352 3611 ppgstaplt'pm
370 3477 642 3614 gprprppnhppntpnpm
664 3477 975 3615 iiiiiiie'ddicdei'dum
996 3479 1025 3539 in
1047 3479 1168 3541 Christo
1187 3469 1269 3604 incip:

577 3577 704 3615 nasum
774 3579 786 3615 s
821 3575 864 3615 em
879 3579 899 3616 ιι
920 3577 971 3616 cao
1014 3579 1021 3616 ε
1064 3573 1230 3614 cueeorm

179 3626 316 3687 coelestis
336 3627 428 3687 ludex
447 3641 560 3690 ternere
580 3643 610 3690 et
629 3630 680 3690 abs
700 3651 732 3690 re
752 3631 925 3692 maledictos
946 3577 1008 3692 cedi
1029 3575 1208 3714 pioiiuntiat
1242 3623 1269 3702 'll

178 3715 272 3763 statur
292 3723 363 3786 ergo
377 3704 521 3784 Angelus,
541 3727 596 3766 nos
616 3707 748 3788 periisse,
769 3709 917 3767 anteneri
939 3709 992 3768 sub
1005 3711 1111 3769 misera
1125 3701 1269 3769 damnarint

178 3799 348 3916 pptppledsptp'sr,
367 3801 435 3916 pappa
456 3783 584 3917 peecatip
603 3785 711 3843 nostris
731 3783 849 3876 alienati
862 3805 995 3876 sumusua
1010 3786 1077 3845 vila.
1117 3771 1268 3914 Undednf:

176 3931 332 4022 vivendum
352 3878 496 4013 quisdidrir
516 3872 862 4025 ddsddaiiplcegiiilppiiiisdi
879 3873 1268 4000 gffissttnpteagtgpetupw

177 4007 268 4086 Atque
288 4028 391 4070 omnes
410 4011 446 4068 ad
468 4032 557 4070 uuum
578 4011 714 4104 indigent
734 4015 794 4071 eins
815 4015 919 4094 gratia:
941 4017 1074 4096 sequitur
1093 4033 1176 4094 ergo,
1198 4009 1268 4088 perd

177 4103 240 4143 esse
265 4103 379 4156 servos,
410 4106 537 4166 veraque
562 4086 671 4146 iustitia
697 4085 825 4148 destitui.
877 4091 955 4151 llinc
986 4113 1100 4152 romum
1132 4085 1268 4165 colligiml

176 4159 268 4239 qualis
280 4161 325 4251 'sit
343 4161 463 4222 Christo
488 4163 622 4222 servandi
646 4165 751 4224 modus
771 4166 817 4223 vel
844 4166 936 4228 ratio:
969 4187 1077 4249 nempe
1108 4165 1174 4245 quia
1203 4155 1268 4218 noel

175 4248 302 4316 peccatu
321 4237 436 4298 lilterat.
474 4237 559 4297 Duae
578 4258 671 4317 porro
686 4253 754 4299 sunt
774 4240 958 4304 liberationis
971 4244 1056 4304 huius
1068 4255 1176 4326 partes:
1197 4255 1229 4295 ne

174 4313 255 4390 quod
276 4311 572 4404 peractanespiatiooue
585 4317 740 4395 gratuitam
753 4318 865 4378 reniam
886 4319 1083 4397 nobisaliert,
1105 4337 1159 4398 qoa
1179 4244 1267 4388 exedi

175 4401 293 4448 areatu
312 4399 417 4448 mortu
441 4387 668 4456 reconciliemur
687 4393 769 4453 Deo:
795 4393 902 4454 deinde
929 4397 1010 4474 quod
1035 4398 1145 4476 Spiritu
1171 4379 1267 4450 nosti
