<?xml version="1.0" encoding="UTF-8"?>
<!DOCTYPE html PUBLIC "-//W3C//DTD XHTML 1.0 Transitional//EN"
    "http://www.w3.org/TR/xhtml1/DTD/xhtml1-transitional.dtd">
<html xmlns="http://www.w3.org/1999/xhtml" xml:lang="en" lang="en">
 <head>
  <title>
</title>
<meta http-equiv="Content-Type" content="text/html;charset=utf-8" />
  <meta name='ocr-system' content='tesseract 3.04.00' />
  <meta name='ocr-capabilities' content='ocr_page ocr_carea ocr_par ocr_line ocrx_word'/>
</head>
<body>
  <div class='ocr_page' id='page_1' title='image "./ioanniscalvinii01calvgoog_0792.png"; bbox 0 0 2678 4860; ppageno 0'>
   <div class='ocr_carea' id='block_1_1' title="bbox 263 183 1193 291">
    <p class='ocr_par' dir='ltr' id='par_1_1' title="bbox 263 183 1193 291">
     <span class='ocr_line' id='line_1_1' title="bbox 263 183 1193 291; baseline 0.016 -46"><span class='ocrx_word' id='word_1_1' title='bbox 263 185 331 259; x_wconf 78' lang='lat' dir='ltr'>&lt;ate</span> <span class='ocrx_word' id='word_1_2' title='bbox 351 216 388 232; x_wconf 91' lang='lat'><em>-</em></span> <span class='ocrx_word' id='word_1_3' title='bbox 411 183 627 291; x_wconf 42' lang='lat' dir='ltr'>{effutiens</span> <span class='ocrx_word' id='word_1_4' title='bbox 649 185 809 270; x_wconf 71' lang='lat' dir='ltr'>sepulcrum</span> <span class='ocrx_word' id='word_1_5' title='bbox 827 189 985 268; x_wconf 73' lang='lat' dir='ltr'>admotu.)</span> <span class='ocrx_word' id='word_1_6' title='bbox 1135 195 1193 261; x_wconf 74' lang='lat' dir='ltr'>tet</span> 
     </span>
    </p>
   </div>
   <div class='ocr_carea' id='block_1_2' title="bbox 27 335 1193 3934">
    <p class='ocr_par' dir='ltr' id='par_1_2' title="bbox 45 335 1193 1641">
     <span class='ocr_line' id='line_1_2' title="bbox 59 335 1193 416; baseline 0.014 -22"><span class='ocrx_word' id='word_1_7' title='bbox 59 351 155 394; x_wconf 87' lang='lat' dir='ltr'>rorem</span> <span class='ocrx_word' id='word_1_8' title='bbox 174 344 339 416; x_wconf 77' lang='lat' dir='ltr'>metumque</span> <span class='ocrx_word' id='word_1_9' title='bbox 358 335 476 403; x_wconf 86' lang='lat' dir='ltr'>incutiat</span> <span class='ocrx_word' id='word_1_10' title='bbox 494 335 551 398; x_wconf 85' lang='lat' dir='ltr'>Dei</span> <span class='ocrx_word' id='word_1_11' title='bbox 571 335 716 411; x_wconf 86' lang='lat' dir='ltr'>maiestas,</span> <span class='ocrx_word' id='word_1_12' title='bbox 751 349 783 400; x_wconf 88' lang='lat' dir='ltr'>ut</span> <span class='ocrx_word' id='word_1_13' title='bbox 801 361 818 401; x_wconf 88' lang='lat' dir='ltr'>a</span> <span class='ocrx_word' id='word_1_14' title='bbox 837 338 909 404; x_wconf 74' lang='lat' dir='ltr'>hoie</span> <span class='ocrx_word' id='word_1_15' title='bbox 926 340 986 404; x_wconf 88' lang='lat' dir='ltr'>eius</span> <span class='ocrx_word' id='word_1_16' title='bbox 1003 340 1082 405; x_wconf 88' lang='lat' dir='ltr'>slleat</span> <span class='ocrx_word' id='word_1_17' title='bbox 1101 345 1193 410; x_wconf 79' lang='lat' dir='ltr'>omnis</span> 
     </span>
     <span class='ocr_line' id='line_1_3' title="bbox 59 409 1190 514; baseline 0.011 -44"><span class='ocrx_word' id='word_1_18' title='bbox 59 430 136 470; x_wconf 88' lang='lat' dir='ltr'>caro.</span> <span class='ocrx_word' id='word_1_19' title='bbox 166 409 224 470; x_wconf 87' lang='lat' dir='ltr'>Sed</span> <span class='ocrx_word' id='word_1_20' title='bbox 244 411 293 472; x_wconf 91' lang='lat' dir='ltr'>ubi</span> <span class='ocrx_word' id='word_1_21' title='bbox 313 411 418 491; x_wconf 77' lang='lat' dir='ltr'>electos</span> <span class='ocrx_word' id='word_1_22' title='bbox 438 435 503 474; x_wconf 89' lang='lat' dir='ltr'>suos</span> <span class='ocrx_word' id='word_1_23' title='bbox 522 411 677 480; x_wconf 78' lang='lat' dir='ltr'>humiliavit</span> <span class='ocrx_word' id='word_1_24' title='bbox 694 415 835 476; x_wconf 75' lang='lat' dir='ltr'>Dominus</span> <span class='ocrx_word' id='word_1_25' title='bbox 853 417 913 500; x_wconf 87' lang='lat' dir='ltr'>ipse</span> <span class='ocrx_word' id='word_1_26' title='bbox 931 440 963 480; x_wconf 85' lang='lat' dir='ltr'>ac</span> <span class='ocrx_word' id='word_1_27' title='bbox 983 417 1104 514; x_wconf 72' lang='lat' dir='ltr'>subegit,</span> <span class='ocrx_word' id='word_1_28' title='bbox 1123 442 1190 483; x_wconf 80' lang='lat' dir='ltr'>mos</span> 
     </span>
     <span class='ocr_line' id='line_1_4' title="bbox 58 485 1189 576; baseline 0.011 -30"><span class='ocrx_word' id='word_1_29' title='bbox 58 504 157 546; x_wconf 84' lang='lat' dir='ltr'>eorum</span> <span class='ocrx_word' id='word_1_30' title='bbox 180 485 361 550; x_wconf 78' lang='lat' dir='ltr'>formidinem</span> <span class='ocrx_word' id='word_1_31' title='bbox 380 489 502 574; x_wconf 83' lang='lat' dir='ltr'>mitigat,</span> <span class='ocrx_word' id='word_1_32' title='bbox 522 512 559 552; x_wconf 88' lang='lat' dir='ltr'>ne</span> <span class='ocrx_word' id='word_1_33' title='bbox 579 493 706 572; x_wconf 85' lang='lat' dir='ltr'>oppressi</span> <span class='ocrx_word' id='word_1_34' title='bbox 725 492 921 554; x_wconf 82' lang='lat' dir='ltr'>succumbant:</span> <span class='ocrx_word' id='word_1_35' title='bbox 941 514 1035 576; x_wconf 85' lang='lat' dir='ltr'>neque</span> <span class='ocrx_word' id='word_1_36' title='bbox 1053 497 1082 556; x_wconf 91' lang='lat' dir='ltr'>rd</span> <span class='ocrx_word' id='word_1_37' title='bbox 1102 499 1189 559; x_wconf 89' lang='lat' dir='ltr'>modo</span> 
     </span>
     <span class='ocr_line' id='line_1_5' title="bbox 58 562 1189 653; baseline 0.011 -31"><span class='ocrx_word' id='word_1_38' title='bbox 58 562 106 622; x_wconf 87' lang='lat' dir='ltr'>sed</span> <span class='ocrx_word' id='word_1_39' title='bbox 125 565 231 646; x_wconf 79' lang='lat' dir='ltr'>gratiae</span> <span class='ocrx_word' id='word_1_40' title='bbox 248 587 361 645; x_wconf 88' lang='lat' dir='ltr'>quoquc</span> <span class='ocrx_word' id='word_1_41' title='bbox 385 587 452 628; x_wconf 87' lang='lat' dir='ltr'>suae</span> <span class='ocrx_word' id='word_1_42' title='bbox 474 567 622 628; x_wconf 82' lang='lat' dir='ltr'>dulcedine</span> <span class='ocrx_word' id='word_1_43' title='bbox 641 567 741 628; x_wconf 78' lang='lat' dir='ltr'>vulnus</span> <span class='ocrx_word' id='word_1_44' title='bbox 764 569 903 633; x_wconf 86' lang='lat' dir='ltr'>inflictum</span> <span class='ocrx_word' id='word_1_45' title='bbox 926 583 1019 632; x_wconf 74' lang='lat' dir='ltr'>sanata</span> <span class='ocrx_word' id='word_1_46' title='bbox 1051 572 1189 653; x_wconf 84' lang='lat' dir='ltr'>reprobos</span> 
     </span>
     <span class='ocr_line' id='line_1_6' title="bbox 58 641 1189 738; baseline 0.009 -38"><span class='ocrx_word' id='word_1_47' title='bbox 58 659 127 700; x_wconf 77' lang='lat' dir='ltr'>vero</span> <span class='ocrx_word' id='word_1_48' title='bbox 152 641 197 702; x_wconf 84' lang='lat' dir='ltr'>vel</span> <span class='ocrx_word' id='word_1_49' title='bbox 222 643 324 722; x_wconf 87' lang='lat' dir='ltr'>panico</span> <span class='ocrx_word' id='word_1_50' title='bbox 349 645 395 721; x_wconf 90' lang='lat' dir='ltr'>(ut</span> <span class='ocrx_word' id='word_1_51' title='bbox 417 643 445 704; x_wconf 95' lang='lat' dir='ltr'>lo</span> <span class='ocrx_word' id='word_1_52' title='bbox 466 644 585 718; x_wconf 73' lang='lat' dir='ltr'>uruntur)</span> <span class='ocrx_word' id='word_1_53' title='bbox 609 655 688 704; x_wconf 88' lang='lat' dir='ltr'>metu</span> <span class='ocrx_word' id='word_1_54' title='bbox 713 647 866 738; x_wconf 67' lang='lat' dir='ltr'>exanimat,</span> <span class='ocrx_word' id='word_1_55' title='bbox 897 647 942 708; x_wconf 86' lang='lat' dir='ltr'>vel</span> <span class='ocrx_word' id='word_1_56' title='bbox 960 648 1105 710; x_wconf 79' lang='lat' dir='ltr'>tabescere</span> <span class='ocrx_word' id='word_1_57' title='bbox 1122 648 1189 710; x_wconf 85' lang='lat' dir='ltr'>sinis</span> 
     </span>
     <span class='ocr_line' id='line_1_7' title="bbox 56 715 1186 808; baseline 0.007 -30"><span class='ocrx_word' id='word_1_58' title='bbox 56 717 108 778; x_wconf 84' lang='lat' dir='ltr'>sub</span> <span class='ocrx_word' id='word_1_59' title='bbox 136 715 218 780; x_wconf 88' lang='lat' dir='ltr'>lentis</span> <span class='ocrx_word' id='word_1_60' title='bbox 247 721 402 782; x_wconf 89' lang='lat' dir='ltr'>tormentis.</span> <span class='ocrx_word' id='word_1_61' title='bbox 482 742 527 780; x_wconf 86' lang='lat' dir='ltr'>um</span> <span class='ocrx_word' id='word_1_62' title='bbox 556 720 632 800; x_wconf 91' lang='lat' dir='ltr'>quod</span> <span class='ocrx_word' id='word_1_63' title='bbox 661 719 695 780; x_wconf 85' lang='lat' dir='ltr'>ad</span> <span class='ocrx_word' id='word_1_64' title='bbox 724 722 824 784; x_wconf 76' lang='lat' dir='ltr'>milites</span> <span class='ocrx_word' id='word_1_65' title='bbox 852 735 921 784; x_wconf 78' lang='lat' dir='ltr'>istos</span> <span class='ocrx_word' id='word_1_66' title='bbox 949 736 1073 808; x_wconf 87' lang='lat' dir='ltr'>spectat,</span> <span class='ocrx_word' id='word_1_67' title='bbox 1109 724 1186 786; x_wconf 90' lang='lat' dir='ltr'>simi-</span> 
     </span>
     <span class='ocr_line' id='line_1_8' title="bbox 58 791 1187 876; baseline 0.011 -25"><span class='ocrx_word' id='word_1_68' title='bbox 58 791 96 852; x_wconf 88' lang='lat' dir='ltr'>les</span> <span class='ocrx_word' id='word_1_69' title='bbox 117 793 230 873; x_wconf 83' lang='lat' dir='ltr'>quidem</span> <span class='ocrx_word' id='word_1_70' title='bbox 252 794 369 856; x_wconf 86' lang='lat' dir='ltr'>luerunt</span> <span class='ocrx_word' id='word_1_71' title='bbox 390 797 524 872; x_wconf 83' lang='lat' dir='ltr'>mortuis,</span> <span class='ocrx_word' id='word_1_72' title='bbox 548 796 598 856; x_wconf 88' lang='lat' dir='ltr'>sed</span> <span class='ocrx_word' id='word_1_73' title='bbox 616 797 721 876; x_wconf 76' lang='lat' dir='ltr'>absque</span> <span class='ocrx_word' id='word_1_74' title='bbox 740 799 814 860; x_wconf 90' lang='lat' dir='ltr'>scrio</span> <span class='ocrx_word' id='word_1_75' title='bbox 833 799 955 876; x_wconf 78' lang='lat' dir='ltr'>ellectu,</span> <span class='ocrx_word' id='word_1_76' title='bbox 987 801 1071 862; x_wconf 87' lang='lat' dir='ltr'>sicuti</span> <span class='ocrx_word' id='word_1_77' title='bbox 1090 815 1187 863; x_wconf 89' lang='lat' dir='ltr'>mente</span> 
     </span>
     <span class='ocr_line' id='line_1_9' title="bbox 56 869 1185 952; baseline 0.01 -25"><span class='ocrx_word' id='word_1_78' title='bbox 56 869 165 930; x_wconf 84' lang='lat' dir='ltr'>alienati</span> <span class='ocrx_word' id='word_1_79' title='bbox 183 884 371 952; x_wconf 82' lang='lat' dir='ltr'>expavescunt</span> <span class='ocrx_word' id='word_1_80' title='bbox 392 873 504 952; x_wconf 88' lang='lat' dir='ltr'>quidem</span> <span class='ocrx_word' id='word_1_81' title='bbox 523 872 557 932; x_wconf 85' lang='lat' dir='ltr'>ud</span> <span class='ocrx_word' id='word_1_82' title='bbox 578 885 771 950; x_wconf 89' lang='lat' dir='ltr'>momentum,</span> <span class='ocrx_word' id='word_1_83' title='bbox 801 873 883 936; x_wconf 88' lang='lat' dir='ltr'>simul</span> <span class='ocrx_word' id='word_1_84' title='bbox 902 888 995 936; x_wconf 88' lang='lat' dir='ltr'>tamen</span> <span class='ocrx_word' id='word_1_85' title='bbox 1014 876 1185 939; x_wconf 85' lang='lat' dir='ltr'>obliviscun-</span> 
     </span>
     <span class='ocr_line' id='line_1_10' title="bbox 56 947 1185 1030; baseline 0.005 -24"><span class='ocrx_word' id='word_1_86' title='bbox 56 957 102 1006; x_wconf 85' lang='lat' dir='ltr'>tur</span> <span class='ocrx_word' id='word_1_87' title='bbox 118 967 148 1008; x_wconf 86' lang='lat' dir='ltr'>se</span> <span class='ocrx_word' id='word_1_88' title='bbox 175 947 312 1008; x_wconf 81' lang='lat' dir='ltr'>timuisse:</span> <span class='ocrx_word' id='word_1_89' title='bbox 348 969 407 1008; x_wconf 92' lang='lat' dir='ltr'>nou</span> <span class='ocrx_word' id='word_1_90' title='bbox 436 949 511 1028; x_wconf 86' lang='lat' dir='ltr'>quod</span> <span class='ocrx_word' id='word_1_91' title='bbox 539 970 655 1028; x_wconf 89' lang='lat' dir='ltr'>prorsus</span> <span class='ocrx_word' id='word_1_92' title='bbox 680 949 771 1011; x_wconf 87' lang='lat' dir='ltr'>deleta</span> <span class='ocrx_word' id='word_1_93' title='bbox 795 951 882 1012; x_wconf 86' lang='lat' dir='ltr'>luerit</span> <span class='ocrx_word' id='word_1_94' title='bbox 904 953 1014 1014; x_wconf 88' lang='lat' dir='ltr'>timoris</span> <span class='ocrx_word' id='word_1_95' title='bbox 1040 953 1185 1030; x_wconf 86' lang='lat' dir='ltr'>memoria,</span> 
     </span>
     <span class='ocr_line' id='line_1_11' title="bbox 54 1023 1186 1109; baseline 0.006 -26"><span class='ocrx_word' id='word_1_96' title='bbox 54 1023 103 1083; x_wconf 89' lang='lat' dir='ltr'>sed</span> <span class='ocrx_word' id='word_1_97' title='bbox 123 1023 185 1102; x_wconf 88' lang='lat' dir='ltr'>quia</span> <span class='ocrx_word' id='word_1_98' title='bbox 204 1025 255 1084; x_wconf 85' lang='lat' dir='ltr'>illis</span> <span class='ocrx_word' id='word_1_99' title='bbox 274 1023 384 1084; x_wconf 86' lang='lat' dir='ltr'>ellluxit</span> <span class='ocrx_word' id='word_1_100' title='bbox 406 1024 468 1086; x_wconf 82' lang='lat' dir='ltr'>viva</span> <span class='ocrx_word' id='word_1_101' title='bbox 487 1025 533 1084; x_wconf 85' lang='lat' dir='ltr'>illa</span> <span class='ocrx_word' id='word_1_102' title='bbox 558 1037 587 1084; x_wconf 86' lang='lat' dir='ltr'>et</span> <span class='ocrx_word' id='word_1_103' title='bbox 606 1025 703 1090; x_wconf 84' lang='lat' dir='ltr'>efficax</span> <span class='ocrx_word' id='word_1_104' title='bbox 722 1027 834 1090; x_wconf 85' lang='lat' dir='ltr'>diuinae</span> <span class='ocrx_word' id='word_1_105' title='bbox 855 1028 967 1090; x_wconf 82' lang='lat' dir='ltr'>virtutis</span> <span class='ocrx_word' id='word_1_106' title='bbox 986 1028 1186 1109; x_wconf 75' lang='lat' dir='ltr'>apprehensio,</span> 
     </span>
     <span class='ocr_line' id='line_1_12' title="bbox 53 1098 1183 1186; baseline 0.007 -28"><span class='ocrx_word' id='word_1_107' title='bbox 53 1098 99 1158; x_wconf 87' lang='lat' dir='ltr'>cui</span> <span class='ocrx_word' id='word_1_108' title='bbox 120 1099 221 1160; x_wconf 86' lang='lat' dir='ltr'>cedere</span> <span class='ocrx_word' id='word_1_109' title='bbox 240 1101 330 1161; x_wconf 89' lang='lat' dir='ltr'>eoacti</span> <span class='ocrx_word' id='word_1_110' title='bbox 349 1099 471 1163; x_wconf 83' lang='lat' dir='ltr'>lucrant.</span> <span class='ocrx_word' id='word_1_111' title='bbox 515 1101 573 1162; x_wconf 86' lang='lat' dir='ltr'>Sed</span> <span class='ocrx_word' id='word_1_112' title='bbox 595 1101 651 1162; x_wconf 91' lang='lat' dir='ltr'>hoc</span> <span class='ocrx_word' id='word_1_113' title='bbox 669 1101 820 1184; x_wconf 82' lang='lat' dir='ltr'>praecipue</span> <span class='ocrx_word' id='word_1_114' title='bbox 840 1105 992 1165; x_wconf 87' lang='lat' dir='ltr'>tenendum</span> <span class='ocrx_word' id='word_1_115' title='bbox 1013 1116 1069 1182; x_wconf 86' lang='lat' dir='ltr'>est,</span> <span class='ocrx_word' id='word_1_116' title='bbox 1097 1127 1183 1186; x_wconf 86' lang='lat' dir='ltr'>quum</span> 
     </span>
     <span class='ocr_line' id='line_1_13' title="bbox 52 1177 1185 1266; baseline 0.008 -33"><span class='ocrx_word' id='word_1_117' title='bbox 52 1195 192 1266; x_wconf 80' lang='lat' dir='ltr'>peraeque</span> <span class='ocrx_word' id='word_1_118' title='bbox 212 1177 346 1237; x_wconf 89' lang='lat' dir='ltr'>timerent</span> <span class='ocrx_word' id='word_1_119' title='bbox 364 1190 396 1240; x_wconf 88' lang='lat' dir='ltr'>ut</span> <span class='ocrx_word' id='word_1_120' title='bbox 416 1178 554 1248; x_wconf 85' lang='lat' dir='ltr'>mulieres,</span> <span class='ocrx_word' id='word_1_121' title='bbox 574 1199 632 1236; x_wconf 93' lang='lat' dir='ltr'>non</span> <span class='ocrx_word' id='word_1_122' title='bbox 652 1178 800 1238; x_wconf 85' lang='lat' dir='ltr'>adhibitam</span> <span class='ocrx_word' id='word_1_123' title='bbox 813 1179 898 1241; x_wconf 86' lang='lat' dir='ltr'>luisse</span> <span class='ocrx_word' id='word_1_124' title='bbox 918 1179 1093 1256; x_wconf 83' lang='lat' dir='ltr'>medicinam,</span> <span class='ocrx_word' id='word_1_125' title='bbox 1112 1201 1185 1260; x_wconf 84' lang='lat' dir='ltr'>quae</span> 
     </span>
     <span class='ocr_line' id='line_1_14' title="bbox 51 1251 1183 1340; baseline 0.009 -30"><span class='ocrx_word' id='word_1_126' title='bbox 51 1273 179 1328; x_wconf 79' lang='lat' dir='ltr'>ipsorum</span> <span class='ocrx_word' id='word_1_127' title='bbox 199 1255 330 1314; x_wconf 88' lang='lat' dir='ltr'>timorem</span> <span class='ocrx_word' id='word_1_128' title='bbox 350 1251 461 1314; x_wconf 88' lang='lat' dir='ltr'>leniret.</span> <span class='ocrx_word' id='word_1_129' title='bbox 502 1253 574 1314; x_wconf 87' lang='lat' dir='ltr'>Solis</span> <span class='ocrx_word' id='word_1_130' title='bbox 601 1254 676 1314; x_wconf 89' lang='lat' dir='ltr'>enim</span> <span class='ocrx_word' id='word_1_131' title='bbox 692 1255 857 1318; x_wconf 87' lang='lat' dir='ltr'>mulieribus</span> <span class='ocrx_word' id='word_1_132' title='bbox 882 1256 951 1317; x_wconf 83' lang='lat' dir='ltr'>dixit</span> <span class='ocrx_word' id='word_1_133' title='bbox 974 1253 1104 1340; x_wconf 75' lang='lat' dir='ltr'>angelus,</span> <span class='ocrx_word' id='word_1_134' title='bbox 1131 1277 1183 1320; x_wconf 79' lang='lat' dir='ltr'>no·</span> 
     </span>
     <span class='ocr_line' id='line_1_15' title="bbox 49 1329 1183 1414; baseline 0.007 -28"><span class='ocrx_word' id='word_1_135' title='bbox 49 1332 106 1388; x_wconf 76' lang='lat' dir='ltr'>lite</span> <span class='ocrx_word' id='word_1_136' title='bbox 127 1333 248 1395; x_wconf 77' lang='lat' dir='ltr'>timere.-</span> <span class='ocrx_word' id='word_1_137' title='bbox 285 1329 428 1392; x_wconf 85' lang='lat' dir='ltr'>materiam</span> <span class='ocrx_word' id='word_1_138' title='bbox 452 1352 521 1392; x_wconf 88' lang='lat' dir='ltr'>vero</span> <span class='ocrx_word' id='word_1_139' title='bbox 546 1330 641 1410; x_wconf 77' lang='lat' dir='ltr'>gaudii</span> <span class='ocrx_word' id='word_1_140' title='bbox 667 1343 698 1392; x_wconf 90' lang='lat' dir='ltr'>et</span> <span class='ocrx_word' id='word_1_141' title='bbox 723 1331 879 1398; x_wconf 78' lang='lat' dir='ltr'>securitatis</span> <span class='ocrx_word' id='word_1_142' title='bbox 908 1331 960 1396; x_wconf 87' lang='lat' dir='ltr'>illis</span> <span class='ocrx_word' id='word_1_143' title='bbox 982 1333 1130 1414; x_wconf 84' lang='lat' dir='ltr'>proposuit</span> <span class='ocrx_word' id='word_1_144' title='bbox 1153 1333 1183 1394; x_wconf 89' lang='lat' dir='ltr'>io</span> 
     </span>
     <span class='ocr_line' id='line_1_16' title="bbox 51 1401 1181 1492; baseline 0.002 -26"><span class='ocrx_word' id='word_1_145' title='bbox 51 1401 162 1466; x_wconf 81' lang='lat' dir='ltr'>Christi</span> <span class='ocrx_word' id='word_1_146' title='bbox 181 1407 399 1469; x_wconf 87' lang='lat' dir='ltr'>resurrectione.</span> <span class='ocrx_word' id='word_1_147' title='bbox 438 1405 524 1488; x_wconf 78' lang='lat' dir='ltr'>Apud</span> <span class='ocrx_word' id='word_1_148' title='bbox 545 1409 650 1470; x_wconf 85' lang='lat' dir='ltr'>Lucam</span> <span class='ocrx_word' id='word_1_149' title='bbox 669 1407 779 1472; x_wconf 81' lang='lat' dir='ltr'>additur</span> <span class='ocrx_word' id='word_1_150' title='bbox 797 1407 973 1492; x_wconf 84' lang='lat' dir='ltr'>obiurgatio,</span> <span class='ocrx_word' id='word_1_151' title='bbox 1011 1410 1068 1469; x_wconf 90' lang='lat' dir='ltr'>uod</span> <span class='ocrx_word' id='word_1_152' title='bbox 1085 1412 1181 1470; x_wconf 79' lang='lat' dir='ltr'>uiuen-</span> 
     </span>
     <span class='ocr_line' id='line_1_17' title="bbox 46 1483 1182 1565; baseline 0.005 -25"><span class='ocrx_word' id='word_1_153' title='bbox 46 1493 110 1541; x_wconf 83' lang='lat' dir='ltr'>tem</span> <span class='ocrx_word' id='word_1_154' title='bbox 128 1492 278 1560; x_wconf 73' lang='lat' dir='ltr'>qumans</span> <span class='ocrx_word' id='word_1_155' title='bbox 298 1504 364 1542; x_wconf 84' lang='lat' dir='ltr'>cum</span> <span class='ocrx_word' id='word_1_156' title='bbox 383 1488 527 1542; x_wconf 76' lang='lat' dir='ltr'>mortuis:</span> <span class='ocrx_word' id='word_1_157' title='bbox 557 1483 674 1565; x_wconf 86' lang='lat' dir='ltr'>perinde</span> <span class='ocrx_word' id='word_1_158' title='bbox 699 1483 755 1544; x_wconf 86' lang='lat' dir='ltr'>acsi</span> <span class='ocrx_word' id='word_1_159' title='bbox 777 1505 873 1545; x_wconf 87' lang='lat' dir='ltr'>aurem</span> <span class='ocrx_word' id='word_1_160' title='bbox 898 1483 952 1546; x_wconf 86' lang='lat' dir='ltr'>illis</span> <span class='ocrx_word' id='word_1_161' title='bbox 970 1505 1005 1548; x_wconf 81' lang='lat' dir='ltr'>re</span> <span class='ocrx_word' id='word_1_162' title='bbox 1028 1485 1114 1546; x_wconf 74' lang='lat' dir='ltr'>&#39;emet</span> <span class='ocrx_word' id='word_1_163' title='bbox 1131 1505 1182 1546; x_wconf 86' lang='lat' dir='ltr'>an-</span> 
     </span>
     <span class='ocr_line' id='line_1_18' title="bbox 45 1557 842 1641; baseline 0.003 -22"><span class='ocrx_word' id='word_1_164' title='bbox 45 1557 145 1641; x_wconf 67' lang='lat' dir='ltr'>gelus,</span> <span class='ocrx_word' id='word_1_165' title='bbox 163 1579 203 1620; x_wconf 88' lang='lat' dir='ltr'>ne</span> <span class='ocrx_word' id='word_1_166' title='bbox 219 1557 338 1638; x_wconf 71' lang='lat' dir='ltr'>mplius</span> <span class='ocrx_word' id='word_1_167' title='bbox 356 1559 387 1620; x_wconf 91' lang='lat' dir='ltr'>in</span> <span class='ocrx_word' id='word_1_168' title='bbox 406 1580 456 1620; x_wconf 89' lang='lat' dir='ltr'>sua</span> <span class='ocrx_word' id='word_1_169' title='bbox 474 1559 670 1641; x_wconf 76' lang='lat' dir='ltr'>desperatione</span> <span class='ocrx_word' id='word_1_170' title='bbox 685 1571 842 1640; x_wconf 86' lang='lat' dir='ltr'>torperent.</span> 
     </span>
    </p>

    <p class='ocr_par' dir='ltr' id='par_1_3' title="bbox 27 1634 1187 3934">
     <span class='ocr_line' id='line_1_19' title="bbox 125 1634 1181 1715; baseline -0.001 -16"><span class='ocrx_word' id='word_1_171' title='bbox 125 1637 154 1699; x_wconf 82' lang='grc'>7.</span> <span class='ocrx_word' id='word_1_172' title='bbox 193 1637 235 1696; x_wconf 76' lang='lat' dir='ltr'>El</span> <span class='ocrx_word' id='word_1_173' title='bbox 258 1639 318 1700; x_wconf 74' lang='lat' dir='ltr'>sito</span> <span class='ocrx_word' id='word_1_174' title='bbox 339 1647 443 1698; x_wconf 78' lang='lat' dir='ltr'>euntes</span> <span class='ocrx_word' id='word_1_175' title='bbox 465 1638 557 1698; x_wconf 81' lang='lat' dir='ltr'>dicite</span> <span class='ocrx_word' id='word_1_176' title='bbox 585 1637 751 1715; x_wconf 78' lang='lat' dir='ltr'>discipulis.</span> <span class='ocrx_word' id='word_1_177' title='bbox 791 1637 848 1700; x_wconf 86' lang='lat' dir='ltr'>Hic</span> <span class='ocrx_word' id='word_1_178' title='bbox 871 1634 1003 1700; x_wconf 84' lang='lat' dir='ltr'>mulieres</span> <span class='ocrx_word' id='word_1_179' title='bbox 1024 1636 1181 1700; x_wconf 81' lang='lat' dir='ltr'>extraordi-</span> 
     </span>
     <span class='ocr_line' id='line_1_20' title="bbox 45 1709 1187 1796; baseline 0.003 -25"><span class='ocrx_word' id='word_1_180' title='bbox 45 1709 131 1772; x_wconf 82' lang='lat' dir='ltr'>nario</span> <span class='ocrx_word' id='word_1_181' title='bbox 151 1711 261 1772; x_wconf 89' lang='lat' dir='ltr'>bonore</span> <span class='ocrx_word' id='word_1_182' title='bbox 282 1713 361 1772; x_wconf 89' lang='lat' dir='ltr'>Deus</span> <span class='ocrx_word' id='word_1_183' title='bbox 381 1723 465 1773; x_wconf 87' lang='lat' dir='ltr'>ornat</span> <span class='ocrx_word' id='word_1_184' title='bbox 484 1734 536 1794; x_wconf 87' lang='lat' dir='ltr'>per</span> <span class='ocrx_word' id='word_1_185' title='bbox 558 1711 698 1796; x_wconf 77' lang='lat' dir='ltr'>angelum,</span> <span class='ocrx_word' id='word_1_186' title='bbox 720 1713 797 1792; x_wconf 87' lang='lat' dir='ltr'>quod</span> <span class='ocrx_word' id='word_1_187' title='bbox 814 1713 996 1795; x_wconf 87' lang='lat' dir='ltr'>praecipuum</span> <span class='ocrx_word' id='word_1_188' title='bbox 1014 1713 1108 1776; x_wconf 88' lang='lat' dir='ltr'>salutis</span> <span class='ocrx_word' id='word_1_189' title='bbox 1127 1713 1187 1774; x_wconf 87' lang='lat' dir='ltr'>no-&#39;</span> 
     </span>
     <span class='ocr_line' id='line_1_21' title="bbox 44 1787 1181 1874; baseline 0.004 -26"><span class='ocrx_word' id='word_1_190' title='bbox 44 1797 124 1848; x_wconf 87' lang='lat' dir='ltr'>strae</span> <span class='ocrx_word' id='word_1_191' title='bbox 143 1799 226 1868; x_wconf 88' lang='lat' dir='ltr'>caput</span> <span class='ocrx_word' id='word_1_192' title='bbox 245 1809 260 1848; x_wconf 87' lang='lat' dir='ltr'>a</span> <span class='ocrx_word' id='word_1_193' title='bbox 279 1789 317 1856; x_wconf 90' lang='lat' dir='ltr'>ud</span> <span class='ocrx_word' id='word_1_194' title='bbox 336 1787 412 1870; x_wconf 87' lang='lat' dir='ltr'>ipsos</span> <span class='ocrx_word' id='word_1_195' title='bbox 434 1809 548 1870; x_wconf 86' lang='lat' dir='ltr'>quoque</span> <span class='ocrx_word' id='word_1_196' title='bbox 571 1789 727 1870; x_wconf 76' lang='lat' dir='ltr'>Apostolos</span> <span class='ocrx_word' id='word_1_197' title='bbox 751 1789 987 1874; x_wconf 80' lang='lat' dir='ltr'>promulgandum</span> <span class='ocrx_word' id='word_1_198' title='bbox 1011 1789 1020 1849; x_wconf 94' lang='lat' dir='ltr'>i</span> <span class='ocrx_word' id='word_1_199' title='bbox 1040 1789 1077 1854; x_wconf 88' lang='lat' dir='ltr'>sis</span> <span class='ocrx_word' id='word_1_200' title='bbox 1100 1809 1181 1852; x_wconf 82' lang='lat' dir='ltr'>mau-</span> 
     </span>
     <span class='ocr_line' id='line_1_22' title="bbox 43 1811 1181 1944; baseline 0.001 -20"><span class='ocrx_word' id='word_1_201' title='bbox 43 1863 106 1924; x_wconf 81' lang='lat' dir='ltr'>dat.</span> <span class='ocrx_word' id='word_1_202' title='bbox 149 1863 234 1944; x_wconf 78' lang='lat' dir='ltr'>Apud</span> <span class='ocrx_word' id='word_1_203' title='bbox 290 1887 386 1924; x_wconf 86' lang='lat' dir='ltr'>arcum</span> <span class='ocrx_word' id='word_1_204' title='bbox 415 1861 581 1926; x_wconf 86' lang='lat' dir='ltr'>nominatim</span> <span class='ocrx_word' id='word_1_205' title='bbox 606 1865 741 1926; x_wconf 91' lang='lat' dir='ltr'>iubentur</span> <span class='ocrx_word' id='word_1_206' title='bbox 765 1866 896 1926; x_wconf 87' lang='lat' dir='ltr'>nuntium</span> <span class='ocrx_word' id='word_1_207' title='bbox 920 1865 996 1928; x_wconf 88' lang='lat' dir='ltr'>bunc</span> <span class='ocrx_word' id='word_1_208' title='bbox 1020 1811 1113 1928; x_wconf 75' lang='lat' dir='ltr'>l&#39;etro</span> <span class='ocrx_word' id='word_1_209' title='bbox 1138 1863 1181 1926; x_wconf 88' lang='lat' dir='ltr'>al·</span> 
     </span>
     <span class='ocr_line' id='line_1_23' title="bbox 42 1937 1180 2024; baseline 0.003 -25"><span class='ocrx_word' id='word_1_210' title='bbox 42 1937 139 2000; x_wconf 74' lang='lat' dir='ltr'>ferrea</span> <span class='ocrx_word' id='word_1_211' title='bbox 171 1940 322 2020; x_wconf 86' lang='lat' dir='ltr'>nunquia</span> <span class='ocrx_word' id='word_1_212' title='bbox 347 1951 416 2002; x_wconf 88' lang='lat' dir='ltr'>tune</span> <span class='ocrx_word' id='word_1_213' title='bbox 439 1941 574 2024; x_wconf 78' lang='lat' dir='ltr'>dignitate</span> <span class='ocrx_word' id='word_1_214' title='bbox 597 1941 761 2018; x_wconf 77' lang='lat' dir='ltr'>excelleret,</span> <span class='ocrx_word' id='word_1_215' title='bbox 788 1943 837 2004; x_wconf 82' lang='lat' dir='ltr'>sed</span> <span class='ocrx_word' id='word_1_216' title='bbox 856 1942 920 2022; x_wconf 84' lang='lat' dir='ltr'>quia</span> <span class='ocrx_word' id='word_1_217' title='bbox 941 1953 998 2002; x_wconf 85' lang='lat' dir='ltr'>tam</span> <span class='ocrx_word' id='word_1_218' title='bbox 1018 1941 1102 2002; x_wconf 86' lang='lat' dir='ltr'>loeda</span> <span class='ocrx_word' id='word_1_219' title='bbox 1121 1941 1180 2003; x_wconf 86' lang='lat' dir='ltr'>elus</span> 
     </span>
     <span class='ocr_line' id='line_1_24' title="bbox 40 2014 1179 2100; baseline 0.001 -23"><span class='ocrx_word' id='word_1_220' title='bbox 40 2014 173 2078; x_wconf 84' lang='lat' dir='ltr'>desectio</span> <span class='ocrx_word' id='word_1_221' title='bbox 189 2015 301 2097; x_wconf 82' lang='lat' dir='ltr'>speciali</span> <span class='ocrx_word' id='word_1_222' title='bbox 320 2015 516 2082; x_wconf 80' lang='lat' dir='ltr'>consolatione</span> <span class='ocrx_word' id='word_1_223' title='bbox 534 2040 606 2100; x_wconf 84' lang='lat' dir='ltr'>opus</span> <span class='ocrx_word' id='word_1_224' title='bbox 624 2017 754 2095; x_wconf 84' lang='lat' dir='ltr'>babebat,</span> <span class='ocrx_word' id='word_1_225' title='bbox 770 2031 803 2080; x_wconf 89' lang='lat' dir='ltr'>ut</span> <span class='ocrx_word' id='word_1_226' title='bbox 819 2018 905 2080; x_wconf 85' lang='lat' dir='ltr'>sciret</span> <span class='ocrx_word' id='word_1_227' title='bbox 923 2039 954 2080; x_wconf 88' lang='lat' dir='ltr'>se</span> <span class='ocrx_word' id='word_1_228' title='bbox 972 2037 1033 2080; x_wconf 90' lang='lat' dir='ltr'>non</span> <span class='ocrx_word' id='word_1_229' title='bbox 1051 2037 1113 2080; x_wconf 86' lang='lat' dir='ltr'>esse</span> <span class='ocrx_word' id='word_1_230' title='bbox 1130 2017 1179 2078; x_wconf 57' lang='lat' dir='ltr'>ab*</span> 
     </span>
     <span class='ocr_line' id='line_1_25' title="bbox 41 2089 1179 2185; baseline 0 -33"><span class='ocrx_word' id='word_1_231' title='bbox 41 2093 207 2157; x_wconf 79' lang='lat' dir='ltr'>dicaturus</span> <span class='ocrx_word' id='word_1_232' title='bbox 227 2091 355 2170; x_wconf 84' lang='lat' dir='ltr'>Christo,</span> <span class='ocrx_word' id='word_1_233' title='bbox 393 2093 526 2156; x_wconf 82' lang='lat' dir='ltr'>numlibet</span> <span class='ocrx_word' id='word_1_234' title='bbox 543 2093 664 2174; x_wconf 87' lang='lat' dir='ltr'>turpiter</span> <span class='ocrx_word' id='word_1_235' title='bbox 681 2115 714 2156; x_wconf 86' lang='lat' dir='ltr'>ac</span> <span class='ocrx_word' id='word_1_236' title='bbox 733 2093 868 2168; x_wconf 76' lang='lat' dir='ltr'>scelerate</span> <span class='ocrx_word' id='word_1_237' title='bbox 886 2089 1078 2185; x_wconf 31' lang='lat' dir='ltr'>lppsusnesset.</span> <span class='ocrx_word' id='word_1_238' title='bbox 1119 2093 1179 2156; x_wconf 85' lang='lat' dir='ltr'>Iam</span> 
     </span>
     <span class='ocr_line' id='line_1_26' title="bbox 40 2115 1179 2308; baseline 0.002 -80"><span class='ocrx_word' id='word_1_239' title='bbox 40 2165 306 2308; x_wconf 48' lang='lat' dir='ltr'>ingrpssus‘guebrplt¹</span> <span class='ocrx_word' id='word_1_240' title='bbox 318 2115 498 2308; x_wconf 57' lang='lat' dir='ltr'>sspirlcpppim13</span> <span class='ocrx_word' id='word_1_241' title='bbox 511 2191 544 2232; x_wconf 88' lang='lat' dir='ltr'>ar</span> <span class='ocrx_word' id='word_1_242' title='bbox 562 2169 775 2306; x_wconf 70' lang='lat' dir='ltr'>resmreptiouis</span> <span class='ocrx_word' id='word_1_243' title='bbox 795 2168 903 2305; x_wconf 61' lang='lat' dir='ltr'>Cbrilstr</span> <span class='ocrx_word' id='word_1_244' title='bbox 920 2181 1038 2306; x_wconf 56' lang='lat' dir='ltr'>septipes</span> <span class='ocrx_word' id='word_1_245' title='bbox 1059 2187 1179 2306; x_wconf 55' lang='lat' dir='ltr'>ciffi}</span> 
     </span>
     <span class='ocr_line' id='line_1_27' title="bbox 40 2263 1016 2309; baseline -0.002 -3"><span class='ocrx_word' id='word_1_246' title='bbox 40 2265 187 2306; x_wconf 71' lang='lat' dir='ltr'>xmae</span> <span class='ocrx_word' id='word_1_247' title='bbox 308 2263 421 2308; x_wconf 72' lang='lat' dir='ltr'>orem</span> <span class='ocrx_word' id='word_1_248' title='bbox 501 2267 606 2309; x_wconf 90' lang='lat' dir='ltr'>eusne</span> <span class='ocrx_word' id='word_1_249' title='bbox 662 2269 671 2305; x_wconf 94' lang='grc' dir='ltr'>ι</span> <span class='ocrx_word' id='word_1_250' title='bbox 748 2267 785 2308; x_wconf 91' lang='lat' dir='ltr'>uo</span> <span class='ocrx_word' id='word_1_251' title='bbox 840 2267 887 2306; x_wconf 90' lang='lat' dir='ltr'>uo</span> <span class='ocrx_word' id='word_1_252' title='bbox 945 2269 958 2306; x_wconf 88' lang='lat' dir='ltr'>s</span> <span class='ocrx_word' id='word_1_253' title='bbox 1008 2267 1016 2304; x_wconf 94' lang='grc' dir='ltr'>ι</span> 
     </span>
     <span class='ocr_line' id='line_1_28' title="bbox 39 2265 1178 2408; baseline 0.001 -25"><span class='ocrx_word' id='word_1_254' title='bbox 39 2319 194 2398; x_wconf 72' lang='lat' dir='ltr'>mutem,</span> <span class='ocrx_word' id='word_1_255' title='bbox 212 2333 247 2384; x_wconf 89' lang='lat' dir='ltr'>ut</span> <span class='ocrx_word' id='word_1_256' title='bbox 262 2323 371 2389; x_wconf 73' lang='lat' dir='ltr'>suone</span> <span class='ocrx_word' id='word_1_257' title='bbox 390 2344 425 2384; x_wconf 78' lang='lat' dir='ltr'>es</span> <span class='ocrx_word' id='word_1_258' title='bbox 442 2344 495 2388; x_wconf 90' lang='lat' dir='ltr'>ore</span> <span class='ocrx_word' id='word_1_259' title='bbox 513 2267 793 2408; x_wconf 55' lang='lat' dir='ltr'>aageffitirishn</span> <span class='ocrx_word' id='word_1_260' title='bbox 804 2265 1005 2386; x_wconf 48' lang='lat' dir='ltr'>lisuniitsse</span> <span class='ocrx_word' id='word_1_261' title='bbox 1017 2265 1082 2387; x_wconf 54' lang='lat' dir='ltr'>gthat</span> <span class='ocrx_word' id='word_1_262' title='bbox 1100 2332 1178 2384; x_wconf 88' lang='lat' dir='ltr'>certe</span> 
     </span>
     <span class='ocr_line' id='line_1_29' title="bbox 39 2397 1178 2493; baseline 0.002 -35"><span class='ocrx_word' id='word_1_263' title='bbox 39 2397 113 2460; x_wconf 89' lang='lat' dir='ltr'>binc</span> <span class='ocrx_word' id='word_1_264' title='bbox 134 2411 258 2490; x_wconf 89' lang='lat' dir='ltr'>apparet,</span> <span class='ocrx_word' id='word_1_265' title='bbox 276 2410 380 2480; x_wconf 85' lang='lat' dir='ltr'>quanto</span> <span class='ocrx_word' id='word_1_266' title='bbox 399 2397 488 2460; x_wconf 86' lang='lat' dir='ltr'>adbuc</span> <span class='ocrx_word' id='word_1_267' title='bbox 506 2415 622 2493; x_wconf 88' lang='lat' dir='ltr'>stupore</span> <span class='ocrx_word' id='word_1_268' title='bbox 639 2398 819 2474; x_wconf 82' lang='lat' dir='ltr'>laboraverit,</span> <span class='ocrx_word' id='word_1_269' title='bbox 837 2397 913 2478; x_wconf 89' lang='lat' dir='ltr'>quod</span> <span class='ocrx_word' id='word_1_270' title='bbox 931 2399 1056 2480; x_wconf 83' lang='lat' dir='ltr'>trepidus</span> <span class='ocrx_word' id='word_1_271' title='bbox 1076 2398 1178 2460; x_wconf 86' lang='lat' dir='ltr'>iterum</span> 
     </span>
     <span class='ocr_line' id='line_1_30' title="bbox 38 2472 1178 2556; baseline -0.002 -20"><span class='ocrx_word' id='word_1_272' title='bbox 38 2473 155 2556; x_wconf 71' lang='lat' dir='ltr'>ningit</span> <span class='ocrx_word' id='word_1_273' title='bbox 177 2495 207 2536; x_wconf 89' lang='grc' dir='ltr'>ιιι</span> <span class='ocrx_word' id='word_1_274' title='bbox 225 2495 288 2536; x_wconf 86' lang='lat' dir='ltr'>suas</span> <span class='ocrx_word' id='word_1_275' title='bbox 306 2472 438 2548; x_wconf 77' lang='lat' dir='ltr'>latebras,</span> <span class='ocrx_word' id='word_1_276' title='bbox 462 2476 519 2539; x_wconf 87' lang='lat' dir='ltr'>acsi</span> <span class='ocrx_word' id='word_1_277' title='bbox 537 2475 606 2536; x_wconf 80' lang='lat' dir='ltr'>nuit</span> <span class='ocrx_word' id='word_1_278' title='bbox 624 2475 750 2551; x_wconf 84' lang='lat' dir='ltr'>vidisset,</span> <span class='ocrx_word' id='word_1_279' title='bbox 774 2497 860 2554; x_wconf 88' lang='lat' dir='ltr'>quoru</span> <span class='ocrx_word' id='word_1_280' title='bbox 881 2473 969 2536; x_wconf 83' lang='lat' dir='ltr'>Maria</span> <span class='ocrx_word' id='word_1_281' title='bbox 987 2475 1059 2536; x_wconf 87' lang='lat' dir='ltr'>flens</span> <span class='ocrx_word' id='word_1_282' title='bbox 1077 2473 1112 2535; x_wconf 91' lang='lat' dir='ltr'>ad</span> <span class='ocrx_word' id='word_1_283' title='bbox 1132 2491 1178 2534; x_wconf 91' lang='lat' dir='ltr'>se·</span> 
     </span>
     <span class='ocr_line' id='line_1_31' title="bbox 39 2548 1179 2644; baseline -0.002 -32"><span class='ocrx_word' id='word_1_284' title='bbox 39 2550 176 2644; x_wconf 86' lang='lat' dir='ltr'>pulcrum</span> <span class='ocrx_word' id='word_1_285' title='bbox 194 2551 316 2612; x_wconf 82' lang='lat' dir='ltr'>eederet.</span> <span class='ocrx_word' id='word_1_286' title='bbox 356 2551 456 2626; x_wconf 86' lang='lat' dir='ltr'>Quare</span> <span class='ocrx_word' id='word_1_287' title='bbox 474 2573 534 2614; x_wconf 86' lang='lat' dir='ltr'>non</span> <span class='ocrx_word' id='word_1_288' title='bbox 553 2552 670 2614; x_wconf 88' lang='lat' dir='ltr'>dubium</span> <span class='ocrx_word' id='word_1_289' title='bbox 689 2564 746 2628; x_wconf 88' lang='lat' dir='ltr'>est,</span> <span class='ocrx_word' id='word_1_290' title='bbox 769 2552 837 2631; x_wconf 85' lang='lat' dir='ltr'>quin</span> <span class='ocrx_word' id='word_1_291' title='bbox 856 2550 915 2631; x_wconf 86' lang='lat' dir='ltr'>ipsa</span> <span class='ocrx_word' id='word_1_292' title='bbox 935 2552 1040 2614; x_wconf 85' lang='lat' dir='ltr'>eteius</span> <span class='ocrx_word' id='word_1_293' title='bbox 1059 2548 1179 2612; x_wconf 86' lang='lat' dir='ltr'>comites</span> 
     </span>
     <span class='ocr_line' id='line_1_32' title="bbox 37 2623 1177 2720; baseline -0.005 -30"><span class='ocrx_word' id='word_1_294' title='bbox 37 2649 84 2720; x_wconf 72' lang='lat' dir='ltr'>ua⁸</span> <span class='ocrx_word' id='word_1_295' title='bbox 98 2625 199 2717; x_wconf 45' lang='lat' dir='ltr'>angeli.</span> <span class='ocrx_word' id='word_1_296' title='bbox 217 2647 287 2688; x_wconf 86' lang='lat' dir='ltr'>cons</span> <span class='ocrx_word' id='word_1_297' title='bbox 309 2638 374 2688; x_wconf 86' lang='lat' dir='ltr'>ectu</span> <span class='ocrx_word' id='word_1_298' title='bbox 397 2626 547 2720; x_wconf 71' lang='lat' dir='ltr'>retulerint</span> <span class='ocrx_word' id='word_1_299' title='bbox 564 2626 716 2719; x_wconf 77' lang='lat' dir='ltr'>patientiae</span> <span class='ocrx_word' id='word_1_300' title='bbox 734 2649 800 2688; x_wconf 86' lang='lat' dir='ltr'>suae</span> <span class='ocrx_word' id='word_1_301' title='bbox 818 2625 989 2688; x_wconf 88' lang='lat' dir='ltr'>mercedem.</span> <span class='ocrx_word' id='word_1_302' title='bbox 1027 2625 1116 2718; x_wconf 75' lang='lat' dir='ltr'>Quod</span> <span class='ocrx_word' id='word_1_303' title='bbox 1134 2623 1177 2684; x_wconf 90' lang='lat' dir='ltr'>di-</span> 
     </span>
     <span class='ocr_line' id='line_1_33' title="bbox 38 2702 1178 2870; baseline -0.004 -28"><span class='ocrx_word' id='word_1_304' title='bbox 38 2703 394 2858; x_wconf 60' lang='lat' dir='ltr'>tttltthntttm</span> <span class='ocrx_word' id='word_1_305' title='bbox 411 2702 1178 2870; x_wconf 46' lang='lat' dir='ltr'>²t⁰e:l,t?⁸ltu¹lttl3⁶blitildis&amp;</span> 
     </span>
     <span class='ocr_line' id='line_1_34' title="bbox 38 2854 1177 2942; baseline -0.004 -24"><span class='ocrx_word' id='word_1_306' title='bbox 38 2856 73 2918; x_wconf 87' lang='lat' dir='ltr'>in</span> <span class='ocrx_word' id='word_1_307' title='bbox 96 2855 231 2918; x_wconf 66' lang='lat' dir='ltr'>&amp;etna</span> <span class='ocrx_word' id='word_1_308' title='bbox 255 2856 295 2916; x_wconf 86' lang='lat' dir='ltr'>Et</span> <span class='ocrx_word' id='word_1_309' title='bbox 313 2856 371 2916; x_wconf 91' lang='lat' dir='ltr'>suis</span> <span class='ocrx_word' id='word_1_310' title='bbox 400 2857 502 2918; x_wconf 84' lang='lat' dir='ltr'>&#39;herlus</span> <span class='ocrx_word' id='word_1_311' title='bbox 520 2855 643 2936; x_wconf 83' lang='lat' dir='ltr'>spatium</span> <span class='ocrx_word' id='word_1_312' title='bbox 661 2855 728 2918; x_wconf 85' lang='lat' dir='ltr'>dare</span> <span class='ocrx_word' id='word_1_313' title='bbox 746 2855 852 2930; x_wconf 81' lang='lat' dir='ltr'>vobrit,</span> <span class='ocrx_word' id='word_1_314' title='bbox 869 2866 901 2915; x_wconf 89' lang='lat' dir='ltr'>ut</span> <span class='ocrx_word' id='word_1_315' title='bbox 919 2854 1049 2936; x_wconf 86' lang='lat' dir='ltr'>paulatim</span> <span class='ocrx_word' id='word_1_316' title='bbox 1066 2855 1098 2916; x_wconf 89' lang='lat' dir='ltr'>in</span> <span class='ocrx_word' id='word_1_317' title='bbox 1116 2873 1177 2942; x_wconf 70' lang='lat' dir='ltr'>apso</span> 
     </span>
     <span class='ocr_line' id='line_1_35' title="bbox 36 2931 1179 3020; baseline -0.006 -24"><span class='ocrx_word' id='word_1_318' title='bbox 36 2951 160 2996; x_wconf 68' lang='lat' dir='ltr'>recum</span> <span class='ocrx_word' id='word_1_319' title='bbox 176 2931 287 2994; x_wconf 72' lang='lat' dir='ltr'>asinos</span> <span class='ocrx_word' id='word_1_320' title='bbox 304 2931 481 3015; x_wconf 82' lang='lat' dir='ltr'>colligerent.</span> <span class='ocrx_word' id='word_1_321' title='bbox 519 2931 632 2994; x_wconf 82' lang='lat' dir='ltr'>lleiude</span> <span class='ocrx_word' id='word_1_322' title='bbox 650 2931 780 2994; x_wconf 81' lang='lat' dir='ltr'>locorum</span> <span class='ocrx_word' id='word_1_323' title='bbox 798 2933 973 2993; x_wconf 89' lang='lat' dir='ltr'>consuetudo</span> <span class='ocrx_word' id='word_1_324' title='bbox 991 2951 1042 2996; x_wconf 88' lang='lat' dir='ltr'>eos</span> <span class='ocrx_word' id='word_1_325' title='bbox 1062 2931 1179 3020; x_wconf 74' lang='lat' dir='ltr'>adiuvit,</span> 
     </span>
     <span class='ocr_line' id='line_1_36' title="bbox 37 3005 1177 3146; baseline -0.006 -74"><span class='ocrx_word' id='word_1_326' title='bbox 37 3021 75 3072; x_wconf 83' lang='lat' dir='ltr'>ut</span> <span class='ocrx_word' id='word_1_327' title='bbox 101 3007 270 3146; x_wconf 50' lang='lat' dir='ltr'>misterius</span> <span class='ocrx_word' id='word_1_328' title='bbox 292 3008 405 3146; x_wconf 54' lang='lat' dir='ltr'>cidini</span> <span class='ocrx_word' id='word_1_329' title='bbox 480 3019 718 3146; x_wconf 56' lang='lat' dir='ltr'>pscereuptpfioam</span> <span class='ocrx_word' id='word_1_330' title='bbox 734 3005 1177 3146; x_wconf 43' lang='lat' dir='ltr'>{diffuiifibmaissiffiffiiff</span> 
     </span>
     <span class='ocr_line' id='line_1_37' title="bbox 35 3104 1176 3253; baseline -0.005 -29"><span class='ocrx_word' id='word_1_331' title='bbox 35 3165 52 3224; x_wconf 85' lang='lat' dir='ltr'>t</span> <span class='ocrx_word' id='word_1_332' title='bbox 128 3105 265 3242; x_wconf 71' lang='lat' dir='ltr'>tdq&#39;suidt</span> <span class='ocrx_word' id='word_1_333' title='bbox 312 3104 880 3253; x_wconf 55' lang='lat' dir='ltr'>rna⁸mrveisi⁸ingituii⁸ierumwesse</span> <span class='ocrx_word' id='word_1_334' title='bbox 899 3107 975 3240; x_wconf 76' lang='lat' dir='ltr'>qiiit</span> <span class='ocrx_word' id='word_1_335' title='bbox 995 3157 1176 3249; x_wconf 52' lang='lat' dir='ltr'>terrebor</span> 
     </span>
     <span class='ocr_line' id='line_1_38' title="bbox 34 3234 1177 3319; baseline -0.009 -17"><span class='ocrx_word' id='word_1_336' title='bbox 34 3250 141 3302; x_wconf 78' lang='lat' dir='ltr'>ausen</span> <span class='ocrx_word' id='word_1_337' title='bbox 161 3257 219 3300; x_wconf 90' lang='lat' dir='ltr'>nun</span> <span class='ocrx_word' id='word_1_338' title='bbox 237 3257 255 3298; x_wconf 89' lang='lat' dir='ltr'>a</span> <span class='ocrx_word' id='word_1_339' title='bbox 274 3259 305 3299; x_wconf 87' lang='lat' dir='ltr'>se</span> <span class='ocrx_word' id='word_1_340' title='bbox 324 3237 449 3316; x_wconf 78' lang='lat' dir='ltr'>prefert,</span> <span class='ocrx_word' id='word_1_341' title='bbox 466 3239 546 3318; x_wconf 82' lang='lat' dir='ltr'>quasi</span> <span class='ocrx_word' id='word_1_342' title='bbox 564 3259 669 3319; x_wconf 87' lang='lat' dir='ltr'>pnmus</span> <span class='ocrx_word' id='word_1_343' title='bbox 688 3248 760 3298; x_wconf 87' lang='lat' dir='ltr'>esset</span> <span class='ocrx_word' id='word_1_344' title='bbox 778 3247 893 3310; x_wconf 87' lang='lat' dir='ltr'>auctor,</span> <span class='ocrx_word' id='word_1_345' title='bbox 916 3237 966 3300; x_wconf 88' lang='lat' dir='ltr'>sed</span> <span class='ocrx_word' id='word_1_346' title='bbox 986 3234 1091 3296; x_wconf 75' lang='lat' dir='ltr'>cornu</span> <span class='ocrx_word' id='word_1_347' title='bbox 1109 3255 1177 3314; x_wconf 91' lang='lat' dir='ltr'>pro-</span> 
     </span>
     <span class='ocr_line' id='line_1_39' title="bbox 34 3309 1177 3396; baseline -0.005 -20"><span class='ocrx_word' id='word_1_348' title='bbox 34 3313 173 3376; x_wconf 81' lang='lat' dir='ltr'>missioni</span> <span class='ocrx_word' id='word_1_349' title='bbox 191 3313 353 3377; x_wconf 86' lang='lat' dir='ltr'>subscribit:</span> <span class='ocrx_word' id='word_1_350' title='bbox 380 3312 503 3394; x_wconf 86' lang='lat' dir='ltr'>ideoque</span> <span class='ocrx_word' id='word_1_351' title='bbox 518 3315 595 3396; x_wconf 82' lang='lat' dir='ltr'>apud</span> <span class='ocrx_word' id='word_1_352' title='bbox 614 3317 741 3376; x_wconf 85' lang='lat' dir='ltr'>Marcum</span> <span class='ocrx_word' id='word_1_353' title='bbox 757 3311 816 3393; x_wconf 89' lang='lat' dir='ltr'>ipsa</span> <span class='ocrx_word' id='word_1_354' title='bbox 838 3310 946 3374; x_wconf 88' lang='lat' dir='ltr'>Christi</span> <span class='ocrx_word' id='word_1_355' title='bbox 964 3309 1051 3372; x_wconf 82' lang='lat' dir='ltr'>uerba</span> <span class='ocrx_word' id='word_1_356' title='bbox 1068 3321 1177 3370; x_wconf 88' lang='lat' dir='ltr'>tantum</span> 
     </span>
     <span class='ocr_line' id='line_1_40' title="bbox 32 3383 1179 3468; baseline -0.007 -14"><span class='ocrx_word' id='word_1_357' title='bbox 32 3389 157 3454; x_wconf 74' lang='lat' dir='ltr'>reclutit</span> <span class='ocrx_word' id='word_1_358' title='bbox 174 3389 205 3450; x_wconf 89' lang='lat' dir='ltr'>in</span> <span class='ocrx_word' id='word_1_359' title='bbox 223 3388 400 3454; x_wconf 84' lang='lat' dir='ltr'>memoriam.</span> <span class='ocrx_word' id='word_1_360' title='bbox 435 3391 527 3452; x_wconf 88' lang='lat' dir='ltr'>Lucas</span> <span class='ocrx_word' id='word_1_361' title='bbox 552 3410 716 3454; x_wconf 66' lang='lat' dir='ltr'>nemone·</span> <span class='ocrx_word' id='word_1_362' title='bbox 740 3388 856 3450; x_wconf 90' lang='lat' dir='ltr'>ulterius</span> <span class='ocrx_word' id='word_1_363' title='bbox 879 3387 1071 3468; x_wconf 86' lang='lat' dir='ltr'>prosequitur,</span> <span class='ocrx_word' id='word_1_364' title='bbox 1101 3383 1179 3466; x_wconf 88' lang='lat' dir='ltr'>quod</span> 
     </span>
     <span class='ocr_line' id='line_1_41' title="bbox 32 3463 1177 3548; baseline -0.007 -19"><span class='ocrx_word' id='word_1_365' title='bbox 32 3465 183 3532; x_wconf 74' lang='lat' dir='ltr'>admoniti</span> <span class='ocrx_word' id='word_1_366' title='bbox 205 3463 310 3528; x_wconf 87' lang='lat' dir='ltr'>luerint</span> <span class='ocrx_word' id='word_1_367' title='bbox 328 3487 345 3526; x_wconf 88' lang='lat' dir='ltr'>a</span> <span class='ocrx_word' id='word_1_368' title='bbox 365 3466 479 3530; x_wconf 83' lang='lat' dir='ltr'>Christo</span> <span class='ocrx_word' id='word_1_369' title='bbox 502 3466 646 3548; x_wconf 84' lang='lat' dir='ltr'>discipuli,</span> <span class='ocrx_word' id='word_1_370' title='bbox 671 3466 764 3546; x_wconf 84' lang='lat' dir='ltr'>ipsum</span> <span class='ocrx_word' id='word_1_371' title='bbox 788 3464 915 3548; x_wconf 84' lang='lat' dir='ltr'>cruciligi</span> <span class='ocrx_word' id='word_1_372' title='bbox 942 3474 1093 3544; x_wconf 88' lang='lat' dir='ltr'>oportere,</span> <span class='ocrx_word' id='word_1_373' title='bbox 1121 3471 1177 3530; x_wconf 78' lang='lat' dir='ltr'>etc.</span> 
     </span>
     <span class='ocr_line' id='line_1_42' title="bbox 31 3539 1178 3622; baseline -0.009 -16"><span class='ocrx_word' id='word_1_374' title='bbox 31 3543 149 3606; x_wconf 75' lang='lat' dir='ltr'>eodem</span> <span class='ocrx_word' id='word_1_375' title='bbox 168 3553 263 3605; x_wconf 74' lang='lat' dir='ltr'>luteo</span> <span class='ocrx_word' id='word_1_376' title='bbox 281 3562 381 3617; x_wconf 86' lang='lat' dir='ltr'>seusu,</span> <span class='ocrx_word' id='word_1_377' title='bbox 401 3541 466 3622; x_wconf 82' lang='lat' dir='ltr'>quia</span> <span class='ocrx_word' id='word_1_378' title='bbox 479 3555 602 3609; x_wconf 80' lang='lat' dir='ltr'>morters</span> <span class='ocrx_word' id='word_1_379' title='bbox 620 3563 700 3604; x_wconf 88' lang='lat' dir='ltr'>suam</span> <span class='ocrx_word' id='word_1_380' title='bbox 712 3563 769 3602; x_wconf 85' lang='lat' dir='ltr'>nna</span> <span class='ocrx_word' id='word_1_381' title='bbox 784 3563 849 3602; x_wconf 86' lang='lat' dir='ltr'>curu</span> <span class='ocrx_word' id='word_1_382' title='bbox 867 3539 1078 3604; x_wconf 87' lang='lat' dir='ltr'>resurrectione</span> <span class='ocrx_word' id='word_1_383' title='bbox 1097 3557 1178 3618; x_wconf 87' lang='lat' dir='ltr'>prae-</span> 
     </span>
     <span class='ocr_line' id='line_1_43' title="bbox 29 3615 1176 3694; baseline -0.012 -10"><span class='ocrx_word' id='word_1_384' title='bbox 29 3622 162 3684; x_wconf 62' lang='lat' dir='ltr'>&amp;erre</span> <span class='ocrx_word' id='word_1_385' title='bbox 199 3615 318 3680; x_wconf 75' lang='lat' dir='ltr'>Additur</span> <span class='ocrx_word' id='word_1_386' title='bbox 336 3618 420 3680; x_wconf 87' lang='lat' dir='ltr'>etiam</span> <span class='ocrx_word' id='word_1_387' title='bbox 439 3629 523 3694; x_wconf 87' lang='lat' dir='ltr'>tuoe,</span> <span class='ocrx_word' id='word_1_388' title='bbox 549 3620 723 3680; x_wconf 78' lang='lat' dir='ltr'>recordatos</span> <span class='ocrx_word' id='word_1_389' title='bbox 742 3617 846 3694; x_wconf 80' lang='lat' dir='ltr'>fuisse</span> <span class='ocrx_word' id='word_1_390' title='bbox 867 3619 1022 3678; x_wconf 62' lang='lat' dir='ltr'>vabrum</span> <span class='ocrx_word' id='word_1_391' title='bbox 1045 3615 1176 3676; x_wconf 77' lang='lat' dir='ltr'>Domini:</span> 
     </span>
     <span class='ocr_line' id='line_1_44' title="bbox 29 3691 1178 3778; baseline -0.006 -21"><span class='ocrx_word' id='word_1_392' title='bbox 29 3717 99 3778; x_wconf 76' lang='lat' dir='ltr'>qno</span> <span class='ocrx_word' id='word_1_393' title='bbox 125 3694 277 3770; x_wconf 64' lang='lat' dir='ltr'>donnum</span> <span class='ocrx_word' id='word_1_394' title='bbox 307 3695 435 3774; x_wconf 68' lang='lat' dir='ltr'>quoius</span> <span class='ocrx_word' id='word_1_395' title='bbox 458 3695 530 3756; x_wconf 86' lang='lat' dir='ltr'>male</span> <span class='ocrx_word' id='word_1_396' title='bbox 553 3695 742 3776; x_wconf 79' lang='lat' dir='ltr'>profecissent</span> <span class='ocrx_word' id='word_1_397' title='bbox 765 3695 796 3756; x_wconf 91' lang='lat' dir='ltr'>iu</span> <span class='ocrx_word' id='word_1_398' title='bbox 816 3692 923 3758; x_wconf 82' lang='lat' dir='ltr'>Christi</span> <span class='ocrx_word' id='word_1_399' title='bbox 945 3691 1088 3767; x_wconf 80' lang='lat' dir='ltr'>doctrina,</span> <span class='ocrx_word' id='word_1_400' title='bbox 1116 3709 1178 3750; x_wconf 87' lang='lat' dir='ltr'>earu</span> 
     </span>
     <span class='ocr_line' id='line_1_45' title="bbox 30 3768 1179 3848; baseline -0.005 -12"><span class='ocrx_word' id='word_1_401' title='bbox 30 3787 142 3836; x_wconf 74' lang='lat' dir='ltr'>tane·</span> <span class='ocrx_word' id='word_1_402' title='bbox 163 3791 224 3834; x_wconf 80' lang='lat' dir='ltr'>nou</span> <span class='ocrx_word' id='word_1_403' title='bbox 300 3768 378 3847; x_wconf 59' lang='lat' dir='ltr'>&#39;isam</span> <span class='ocrx_word' id='word_1_404' title='bbox 406 3769 456 3834; x_wconf 81' lang='lat' dir='ltr'>sed</span> <span class='ocrx_word' id='word_1_405' title='bbox 480 3770 765 3846; x_wconf 63' lang='lat' dir='ltr'>sumendorum,</span> <span class='ocrx_word' id='word_1_406' title='bbox 797 3769 890 3834; x_wconf 87' lang='lat' dir='ltr'>donec</span> <span class='ocrx_word' id='word_1_407' title='bbox 913 3780 1024 3834; x_wconf 86' lang='lat' dir='ltr'>maturo</span> <span class='ocrx_word' id='word_1_408' title='bbox 1048 3777 1179 3848; x_wconf 81' lang='lat' dir='ltr'>tempore</span> 
     </span>
     <span class='ocr_line' id='line_1_46' title="bbox 27 3857 338 3934; baseline -0.016 -22"><span class='ocrx_word' id='word_1_409' title='bbox 27 3869 163 3934; x_wconf 67' lang='lat' dir='ltr'>gneo</span> <span class='ocrx_word' id='word_1_410' title='bbox 185 3857 338 3927; x_wconf 65' lang='lat' dir='ltr'>merset.</span> 
     </span>
    </p>
   </div>
   <div class='ocr_carea' id='block_1_3' title="bbox 27 4089 1180 4282">
    <p class='ocr_par' dir='ltr' id='par_1_4' title="bbox 27 4089 1180 4282">
     <span class='ocr_line' id='line_1_47' title="bbox 130 4089 1180 4177; baseline -0.004 -21"><span class='ocrx_word' id='word_1_411' title='bbox 130 4091 239 4173; x_wconf 82' lang='lat' dir='ltr'>(ute.)</span> <span class='ocrx_word' id='word_1_412' title='bbox 281 4091 454 4160; x_wconf 71' lang='lat' dir='ltr'>meust.</span> <span class='ocrx_word' id='word_1_413' title='bbox 484 4093 629 4158; x_wconf 81' lang='lat' dir='ltr'>XXVlll.</span> <span class='ocrx_word' id='word_1_414' title='bbox 672 4089 704 4160; x_wconf 79' lang='grc'>8.</span> <span class='ocrx_word' id='word_1_415' title='bbox 731 4091 774 4157; x_wconf 89' lang='lat' dir='ltr'>Et</span> <span class='ocrx_word' id='word_1_416' title='bbox 800 4089 963 4177; x_wconf 73' lang='lat' dir='ltr'>digressae</span> <span class='ocrx_word' id='word_1_417' title='bbox 989 4089 1134 4157; x_wconf 82' lang='lat' dir='ltr'>celeriter</span> <span class='ocrx_word' id='word_1_418' title='bbox 1158 4107 1180 4152; x_wconf 84' lang='lat' dir='ltr'>e</span> 
     </span>
     <span class='ocr_line' id='line_1_48' title="bbox 27 4191 1180 4282; baseline -0.009 -18"><span class='ocrx_word' id='word_1_419' title='bbox 27 4201 257 4264; x_wconf 85' lang='lat' dir='ltr'>monumento</span> <span class='ocrx_word' id='word_1_420' title='bbox 284 4217 356 4261; x_wconf 91' lang='lat' dir='ltr'>cum</span> <span class='ocrx_word' id='word_1_421' title='bbox 385 4197 501 4264; x_wconf 78' lang='lat' dir='ltr'>timore</span> <span class='ocrx_word' id='word_1_422' title='bbox 528 4203 559 4262; x_wconf 86' lang='lat' dir='ltr'>et</span> <span class='ocrx_word' id='word_1_423' title='bbox 579 4191 697 4282; x_wconf 78' lang='lat' dir='ltr'>gaudio</span> <span class='ocrx_word' id='word_1_424' title='bbox 720 4205 835 4280; x_wconf 83' lang='lat' dir='ltr'>magno</span> <span class='ocrx_word' id='word_1_425' title='bbox 864 4191 1047 4270; x_wconf 87' lang='lat' dir='ltr'>currebant,</span> <span class='ocrx_word' id='word_1_426' title='bbox 1074 4199 1110 4256; x_wconf 92' lang='lat' dir='ltr'>ut</span> <span class='ocrx_word' id='word_1_427' title='bbox 1130 4209 1180 4254; x_wconf 88' lang='lat' dir='ltr'>re-</span> 
     </span>
    </p>
   </div>
   <div class='ocr_carea' id='block_1_4' title="bbox 29 4293 1181 4402">
    <p class='ocr_par' dir='ltr' id='par_1_5' title="bbox 29 4293 1181 4402">
     <span class='ocr_line' id='line_1_49' title="bbox 29 4293 1181 4402; baseline -0.008 -33"><span class='ocrx_word' id='word_1_428' title='bbox 29 4297 235 4368; x_wconf 75' lang='lat' dir='ltr'>umusruu</span> <span class='ocrx_word' id='word_1_429' title='bbox 254 4293 422 4388; x_wconf 75' lang='lat' dir='ltr'>dsupubs</span> <span class='ocrx_word' id='word_1_430' title='bbox 441 4299 522 4402; x_wconf 87' lang='lat' dir='ltr'>eius.</span> <span class='ocrx_word' id='word_1_431' title='bbox 565 4295 676 4384; x_wconf 82' lang='lat' dir='ltr'>Quum</span> <span class='ocrx_word' id='word_1_432' title='bbox 701 4305 806 4366; x_wconf 80' lang='lat' dir='ltr'>eutero</span> <span class='ocrx_word' id='word_1_433' title='bbox 833 4297 917 4366; x_wconf 86' lang='lat' dir='ltr'>irent</span> <span class='ocrx_word' id='word_1_434' title='bbox 937 4293 979 4364; x_wconf 83' lang='lat' dir='ltr'>ed</span> <span class='ocrx_word' id='word_1_435' title='bbox 1000 4293 1181 4362; x_wconf 80' lang='lat' dir='ltr'>renuntiau-</span> 
     </span>
    </p>
   </div>
   <div class='ocr_carea' id='block_1_5' title="bbox 0 0 1344 4860">
    <p class='ocr_par' dir='ltr' id='par_1_6' title="bbox 0 0 1344 4860">
     <span class='ocr_line' id='line_1_50' title="bbox 0 0 1344 4860; baseline 0 6"><span class='ocrx_word' id='word_1_436' title='bbox 0 0 1344 4860; x_wconf 95' lang='lat' dir='ltr'> </span> 
     </span>
    </p>
   </div>
  </div>
 </body>
</html>
