2524 4856
163 267 341 345 (tte-182
380 203 697 328 humulariensem
717 263 907 350 reprobatio.)
1037 269 1096 334 281

11 411 122 478 celubns
139 415 309 498 expulerant,
339 427 368 478 et
387 417 505 476 domum
523 419 654 494 ipsorum
673 437 778 479 vocaus
796 415 909 498 oblique
925 403 1094 498 subindicat,

11 493 42 552 lei
60 492 161 572 amplius
183 513 240 554 non
264 514 333 556 esse.
377 493 440 554 Hac
462 493 574 573 qrridem
595 492 659 575 lege
678 505 850 554 exstructum
870 506 930 556 erat
950 496 1093 576 templum,

11 567 126 629 rtChristi
142 570 258 631 adventu
277 589 337 630 esse
356 569 498 630 desineret
516 569 596 630 sedes
614 591 647 628 ac
666 570 750 630 statio
767 570 836 632 Dei:
855 570 979 630 stetisset
997 584 1093 634 tamen

11 643 1093 802 duffii“st''„tth'tfftttt‘ttfftbt'tlt‘stlttt‘ldttt:

11 817 45 854 uu
64 807 110 856 tam
131 798 273 880 magnifice
299 818 315 858 a
337 817 367 860 se
392 798 557 858 decoratum
583 817 642 856 non
662 797 749 858 modo
769 798 893 858 deseruit
914 817 947 858 ac
968 797 1092 864 lunddus

11 872 64 932 terti
82 872 175 947 voluit,
202 875 251 936 sed
273 893 363 954 usque
385 874 421 934 ad
443 873 531 933 finem
549 873 646 932 mundi
665 871 787 934 subiecit
807 885 948 934 extremae
965 873 1091 955 ignomi-

11 945 50 1006 iae.
81 949 145 1010 h'ant
162 971 236 1011 nunc
255 952 463 1023 Romanenses,
489 960 520 1008 ct
539 949 628 1010 invito
647 950 713 1010 Deo
732 947 928 1030 babylonicum
948 971 1026 1012 snam
1044 971 1091 1012 ar·

11 1045 42 1081 eu
57 1025 178 1087 extollere
195 1038 324 1110 pergant,
341 1046 427 1105 quum
447 1023 581 1104 templum
596 1024 652 1086 Dei
670 1025 799 1108 auspiciis
820 1037 850 1086 et
868 1025 1000 1088 mandato
1019 1047 1090 1088 con-

11 1099 60 1158 ltun
78 1101 295 1184 videantpopuli
316 1100 469 1162 sceleribus
489 1101 631 1162 cecidisse.

50 1179 88 1237 39.
123 1180 191 1236 Dios
215 1183 292 1238 enim
315 1181 408 1240 nodis.
461 1176 620 1236 Confirmat
643 1176 720 1258 qnod
742 1175 849 1238 dixerat
872 1175 908 1238 de
931 1179 1033 1260 propin
1055 1199 1089 1241 na

11 1249 36 1308 lei
50 1252 154 1328 ultione,
183 1256 248 1335 quia
270 1253 378 1315 scilicet
398 1253 514 1314 unicum
540 1251 696 1334 effugiendi
715 1252 846 1314 interitus
864 1254 1019 1314 remedium
1035 1200 1092 1316 ilis

11 1325 89 1386 oletur.
124 1331 191 1390 Nam
211 1330 277 1392 illud
297 1341 357 1389 erat
376 1340 486 1410 tempus
505 1339 662 1408 acceptum,
680 1327 727 1388 ille
746 1329 805 1389 dies
824 1327 926 1404 salutis,
1042 1331 1089 1390 diu

11 1401 55 1474 lun,
71 1401 112 1483 qni
124 1407 297 1487 Redemptor
315 1403 366 1465 illis
385 1405 546 1478 advenerat,
564 1404 642 1464 testis
661 1425 693 1464 ac
735 1423 818 1463 raeco
838 1417 899 1464 erat
917 1425 948 1464 re
968 1407 1089 1487 cmptio-

12 1475 207 1566 persollatae.
264 1483 331 1542 Eius
350 1493 444 1541 autern
463 1479 600 1554 discessu,
622 1427 741 1559 perinde
760 1501 794 1539 ac
811 1479 877 1540 solis
897 1501 1014 1557 occasu,
1041 1482 1089 1542 lux

12 1563 48 1614 tre
63 1558 175 1618 mansit:
194 1579 281 1638 quare
302 1578 417 1619 neeesse
436 1556 491 1616 suit
509 1557 639 1616 miseram
659 1556 731 1616 banc
750 1554 866 1630 cladem,
885 1559 1089 1636 quamdeuun-

11 1631 37 1700 et,
51 1633 194 1694 succedere.
223 1635 307 1694 Nunc
327 1632 470 1714 quaeritur
489 1631 631 1712 quodnam
651 1643 761 1712 tempus
780 1633 911 1714 designet
931 1631 981 1693 bac
1000 1633 1089 1714 parti-

11 1703 49 1778 ula,
66 1709 147 1769 dones
163 1711 284 1770 dicatis.
344 1709 468 1784 Quidam
488 1707 522 1767 ad
545 1706 674 1767 ultimum
694 1706 787 1767 indicii
806 1708 880 1768 diem
900 1708 1088 1792 restringuntc

11 1779 181 1846 limbrininm
201 1807 263 1848 esse
281 1795 389 1867 putant,
409 1782 485 1864 qnod
504 1783 587 1864 paulo
606 1797 673 1865 post
690 1782 836 1864 impletum
856 1783 924 1860 init,
948 1805 1033 1863 quum
1053 1805 1088 1846 ex

11 1857 76 1920 dacis
93 1863 196 1954 quidam
209 1861 352 1926 Christum
371 1859 511 1942 supplices
529 1860 728 1921 adoraverunt,
756 1861 814 1922 Sed
832 1873 933 1922 neutra
945 1862 1089 1944 interpre-

11 1931 43 1992 ttio
58 1937 114 1998 mibr
130 1939 274 2020 probatur.
333 1939 377 1998 hc
396 1948 475 1996 certe
497 1935 601 2014 miror,
623 1947 681 1996 tarn
702 1935 793 1997 levem
815 1936 975 2016 scrupulum
996 1937 1088 1999 doctis

11 2011 120 2075 ominibus
137 2014 284 2076 obstaculo
303 2013 396 2086 inisse,
416 2013 482 2072 dum
502 2011 583 2071 anxie
603 2023 755 2090 quaerunt,
778 2013 924 2092 quomodo
943 2013 980 2073 de
1001 2013 1088 2074 Chri-

11 2087 126 2150 ltd'ctnri
142 2092 198 2153 sint
216 2092 362 2165 increduli,
381 2090 551 2150 benedictus
568 2092 623 2167 qui
640 2092 730 2158 uenit,
750 2097 806 2148 etc.
846 2089 914 2150 Non
929 2088 1003 2150 enim
1020 2111 1089 2168 qna-

11 2161 106 2226 ulutnri
123 2167 186 2244 sint,
204 2169 256 2229 sed
276 2167 342 2246 quid
362 2168 421 2248 ipsc
441 2165 565 2224 facturus
584 2165 621 2224 sit
640 2165 817 2245 pronuntiat.
869 2165 931 2225 Nec
951 2185 1020 2224 vero
1040 2165 1091 2225 ad-

11 2237 89 2300 trhiuru
109 2247 195 2306 doner
219 2245 334 2326 longius
359 2241 531 2314 extenditur,
556 2261 637 2321 quam
657 2239 692 2300 ad
710 2251 823 2319 tempus
841 2239 916 2319 quod
936 2240 1089 2320 praecedit.

11 2315 69 2395 ueph
84 2340 140 2380 non
162 2333 206 2382 est
228 2339 397 2403 congressus
417 2337 481 2377 cnm
501 2335 601 2389 uxore,
626 2317 720 2376 donec
739 2314 784 2374 illa
806 2313 950 2375 Christum
969 2315 1090 2450 peperit.

11 2387 41 2448 lou
59 2394 178 2479 intelligit
202 2397 245 2458 bis
270 2395 363 2457 eerhis
388 2393 547 2474 Scriptura,
613 2403 640 2452 st
658 2403 766 2472 partum
788 2407 837 2450 eos
857 2402 953 2471 postea
973 2409 1008 2451 cu
1028 2391 1089 2452 abi-

12 2483 44 2524 Ν
64 2481 182 2552 tanquam
205 2475 300 2534 uirum
324 2483 354 2532 et
376 2490 510 2544 uxorem,
537 2489 576 2528 sec
610 2480 718 2528 tantum
743 2466 868 2527 ostendit
888 2465 1003 2527 lllariam
1024 2479 1091 2528 ante

12 2537 28 2626 ll
40 2544 72 2603 sui
88 2561 191 2628 partum
211 2548 352 2630 virginem
373 2545 457 2606 luisse
477 2565 492 2606 a
512 2544 574 2606 viro
594 2543 733 2604 intactam.
767 2543 923 2604 Praesentis
943 2563 974 2604 er
995 2563 1013 2603 o
1033 2541 1089 2603 loci

12 2637 36 2688 *ts
57 2625 248 2699 meoiudicio,
272 2623 412 2706 genuinus
436 2633 478 2682 est
502 2641 613 2694 sensus,
638 2620 770 2680 haetenus
790 2619 866 2678 inter
883 2637 936 2679 ros
954 2641 986 2680 su
1008 2619 1090 2680 misse

13 2693 162 2762 llnnaniter
178 2711 307 2763 versatus
326 2721 397 2772 sum,
417 2709 447 2756 ct
465 2695 562 2758 olido
580 2696 707 2758 doctoris
726 2695 852 2756 fundus:
878 2715 956 2756 nunc
973 2705 1090 2786 peracto

13 2773 115 2836 >cahonis
132 2798 210 2838 meae
232 2797 317 2837 cursu
335 2774 488 2846 discedam,
518 2793 571 2832 nec
595 2793 642 2833 me
661 2773 778 2852 posthac
799 2771 854 2830 seni
872 2771 1023 2852 poteritis,
1040 2771 1089 2832 sed

13 2865 138 2938 tenununc
162 2853 387 2932 Redemptorem
411 2847 591 2940 contemnitis
611 2861 640 2909 et
659 2847 752 2940 splntis
772 2847 945 2938 ministrum,
970 2847 1089 2908 iudicem

14 2924 568 3092 ttttt'tulhtnlttbltlffitt
587 2924 1090 3090 nannenten&
1163 3077 1167 3084 ,

14 3087 152 3217 tlt‘tt
171 3075 1091 3238 tt?bittit?lltflttntttl&theletzistitt

25 3231 122 3294 nomine
145 3179 279 3296 domins:
320 3232 429 3292 interea
453 3228 574 3290 ludibrio
594 3226 734 3288 habebant
752 3225 876 3286 ohlatcnn
894 3225 948 3285 sibu
966 3224 1091 3286 Redem-

16 3319 82 3366 treu.
117 3311 251 3391 Denique
269 3329 300 3368 se
318 3308 354 3368 ad
372 3307 434 3368 illos
453 3315 604 3366 sennarum
624 3313 723 3384 negat,
741 3302 834 3362 donec
853 3301 888 3362 ad
907 3311 1091 3380 conspectum

16 3385 114 3446 mnne
137 3387 197 3448 eius
222 3384 373 3444 maiestatis
393 3381 495 3461 trepidi
518 3402 584 3442 sero
604 3381 773 3452 exclament,
797 3397 866 3438 vere
885 3397 946 3438 esse
966 3375 1021 3438 Dei
1042 3377 1091 3438 Fi-

16 3475 45 3513 m
94 3465 188 3543 htqne
212 3462 282 3521 haee
305 3458 487 3521 comminatio
510 3459 545 3517 ad
573 3476 673 3518 omnes
704 3452 848 3536 Evangelii
880 3464 1091 3534 contemptores

17 3531 90 3610 uiuet,
111 3537 280 3618 praesertim
301 3536 349 3616 qni
369 3535 438 3596 lalso
457 3535 515 3594 eius
534 3553 641 3594 nomen
660 3530 832 3604 obtendunt,
853 3551 940 3610 quum
961 3529 1021 3590 eins
1039 3529 1092 3590 do-

17 3605 79 3688 leam
98 3626 246 3696 respuant:
306 3612 350 3672 uia
369 3611 482 3672 tandem
501 3621 718 3698 agnoscentse
737 3627 796 3668 non
815 3627 898 3688 posse
916 3606 974 3668 eius
994 3627 1092 3697 mancus

19 3703 103 3766 egere,
126 3693 172 3752 cui
193 3711 269 3750 nuuc
286 3633 382 3750 incrta
401 3707 449 3746 sua
467 3685 646 3747 simulatione
670 3684 798 3744 ullndunt.
856 3683 929 3742 Nam
956 3695 985 3742 et
1009 3681 1093 3742 bodie

18 3759 60 3821 lem
83 3767 154 3847 apud
174 3767 300 3847 Pupistas
319 3762 456 3824 cantilena
476 3771 603 3833 resonat,
628 3761 729 3840 quibus
749 3771 843 3820 umen
867 3779 921 3837 pro
942 3758 1029 3819 nihilo
1050 3769 1093 3818 cst

18 3835 104 3916 tristes,
132 3843 227 3904 donec
255 3842 376 3903 vindicta
405 3849 527 3898 armaten
550 3836 672 3897 tribunal
703 3834 881 3896 conscendat.
941 3841 1094 3899 Monemur

18 3931 59 3998 ξω,
77 3939 157 3996 qnam
177 3919 225 3980 diu
245 3917 328 3978 nohis
347 3937 361 3976 a
403 3925 464 3974 uret
483 3912 612 3976 Christus
631 3911 720 3975 Patris
738 3911 864 3984 nomine,
883 3911 1030 3999 interpres
1049 3929 1092 3968 sa-

19 4009 33 4044 n
54 4013 82 4051 ac
101 3995 258 4070 Mediator,
283 4015 342 4053 non
362 3937 445 4051 libris
465 4001 572 4050 tantum
592 3987 789 4049 honorandum
814 4003 888 4061 esse,
917 3986 965 4044 scd
984 4003 1095 4044 srneere

19 4069 111 4128 nutum
131 4083 166 4130 ut
185 4070 238 4131 sibi
258 4091 310 4131 nos
331 4079 482 4144 totumque
499 4065 633 4126 mnndum
654 4063 792 4125 subiiciat.

41 4143 106 4206 lue.
124 4149 174 4210 5³.
205 4149 304 4224 Quum
321 4155 423 4204 nutem
440 4143 515 4202 lause
533 4143 576 4200 ud
593 4143 670 4202 illos.
702 4141 760 4199 lam
782 4136 859 4218 prius
877 4133 1025 4207 admonui,
1047 4155 1095 4194 sn-

20 4215 86 4280 lnres
104 4223 259 4284 sententias
278 4244 337 4283 nou
357 4241 409 4282 suo
429 4216 495 4278 loco
515 4219 621 4297 positas
641 4239 702 4279 csse
728 4237 743 4276 a
766 4215 852 4274 Luca.
909 4211 983 4300 Nam
1008 4231 1094 4290 quum

20 4309 96 4370 erret,
116 4299 282 4382 obiurgatus
302 4298 386 4358 luisse
403 4317 418 4354 a
436 4294 555 4354 Christo
574 4295 677 4356 scribas
695 4295 725 4352 in
745 4289 865 4369 quodam
884 4287 1018 4368 prandeo,
1043 4307 1094 4368 po-

20 4389 79 4434 !nos
98 4377 183 4437 etiam
202 4393 357 4447 sermones,
376 4371 477 4452 quibus
497 4391 597 4431 eurum
615 4369 722 4452 flagitia
741 4365 825 4446 paulo
842 4378 908 4504 appe
926 4373 1048 4424 mortem
1059 4362 1095 4424 ah

21 4459 72 4504 nivini
84 4474 206 4511 eamn,
220 4467 242 4510 ἰ.
258 4466 333 4510 ilum.
350 4464 389 4508 iis.
412 4461 458 4504 vul.
472 4461 501 4505 li.
