2618 4858
317 261 400 340 (sss
437 259 837 343 ras-,cuaspmsos
1086 261 1146 324 ass

76 444 78 453 =
97 450 119 463 ss·
139 442 154 502 '.
171 444 182 461 a
210 409 278 474 illod
296 423 435 476 mosset
456 411 486 474 is
505 411 581 474 dieta
604 411 771 494 sepultores.
829 413 984 550 Pestpusn
1002 429 1073 476 sero
1093 433 1142 474 es-

1 487 79 550 titat
99 487 189 550 solida
214 487 295 548 buius
318 488 425 572 figurae
451 487 567 565 veritas,
598 501 628 550 et
653 488 783 550 Christus
802 510 819 550 e
841 510 972 572 sapuero

917 567 924 582 ι
994 487 1143 572 egrediens

0 585 67 625 1οιι
89 564 208 624 domum
226 584 326 640 unam,
349 565 398 626 sed
421 575 516 625 totum
541 565 677 625 mondum
704 563 814 626 sicilico
838 577 939 628 mortu
961 585 1028 626 suae
1052 566 1143 626 odore

0 672 14 717 p
75 639 153 715 udit,
212 639 281 700 erile
299 651 372 702 esset
390 654 522 722 repetere
540 641 618 722 qood
632 641 743 702 ratiooa
761 651 792 701 et
809 639 903 702 iructu
922 651 1042 704 careret

86 718 136 778 ta
187 718 332 796 Moenus
368 720 563 778 rordicotm
602 717 717 778 Honori
736 716 799 779 iore
818 715 873 778 boc
893 717 1018 808 officipsu
1038 716 1145 780 blariae

1 791 163 882 praedicit,
181 791 245 928 ζῇ
264 791 308 854 lau
348 795 422 885 'itur
441 791 588 885 Epasgelii
605 791 743 883 doctripa.
782 793 1059 884 Undecolligusos,
1078 813 1143 888 pre:

3 879 478 1020 bttsttsffltttr‘ttt
493 888 612 1005 iiiii
626 869 1145 1007 lttt‘tttttttttfstbtt‘t!

4 1021 80 1110 ripen
99 1017 165 1112 lore
186 1018 276 1112 diets,
298 1019 350 1082 bae
374 1021 585 1114 eosppsratione
606 1019 722 1102 oblique
744 1041 810 1083 suos
833 1021 983 1111 discipolop
1005 1021 1144 1114 perstriu-

6 1107 651 1264 ffibbdffQbmgbssmobdbubspddfflu
665 1097 1146 1266 idplgupudibidaddomtadtedbfdbb

9 1267 123 1308 morosa
151 1245 264 1308 lucrant
294 1249 348 1329 apsi
378 1249 534 1312 tomoeo.
598 1247 705 1310 mande
736 1259 819 1309 elsam
846 1248 1000 1330 discipulos
1029 1258 1146 1332 eastsgat

11 1323 161 1396 Christus,
186 1323 250 1403 ‹pr'u
269 1343 369 1404 paruas
388 1323 545 1387 honorilice
563 1323 600 1385 de
619 1323 716 1385 laturo
735 1345 827 1404 reguo
845 1345 898 1387 suo
917 1325 1056 1387 seutiam:
1095 1324 1146 1386 sed

9 1399 129 1460 istoria
152 1399 203 1462 bac
222 1419 297 1461 soce
319 1411 419 1463 testata
444 1401 498 1462 luit
543 1399 651 1462 estium
676 1401 803 1474 vocatio,
836 1402 866 1462 io
967 1400 1080 1464 luodats
1102 1412 1148 1464 est

10 1475 83 1536 salus
101 1488 211 1536 nostra.
237 1475 387 1538 Caeterum
406 1495 464 1557 que
532 1497 553 1540 ο
569 1475 600 1538 in
616 1485 681 1540 soto
699 1477 807 1540 muodo
826 1497 878 1557 pra
915 1475 1043 1539 'candum
1052 1479 1147 1541 Evae-

11 1550 121 1634 gelium
140 1549 239 1628 bresit,
258 1549 377 1616 diximrrs
396 1574 457 1636 cap.
476 1555 524 1616 at.

101 1796 207 1880 (tes.)
250 1794 422 1866 ΜΑΤΤΗ.
448 1795 567 1864 xxvt.
613 1795 665 1864 lt.
695 1795 792 1864 Tunc
818 1793 900 1865 abiit
920 1815 1004 1866 unus
1025 1819 1045 1864 e
1067 1791 1149 1866 duo

15 1897 136 1978 decim,
157 1901 213 1986 qui
235 1898 402 1966 dicebatur
423 1897 517 1968 ludas
545 1900 729 1978 lscariotes,
755 1899 797 1966 ad
818 1902 979 1989 principes
1000 1901 1152 1968 sacerdo·

15 2011 94 2068 tuos.
139 2002 190 2066 15.
222 2002 265 2068 Et
286 2004 332 2069 sit
357 2001 436 2080 illis,
468 2001 547 2089 quid
568 2003 665 2068 vultis
687 2001 763 2068 anibi
785 2001 881 2079 dare,
914 2015 946 2070 et
973 2025 1034 2089 ego
1055 2001 1151 2070 volsis

17 2103 142 2171 tradate
163 2101 273 2170 illumi
298 2106 342 2171 At
362 2103 411 2170 illi
433 2105 667 2172 constituerunt
689 2105 719 2168 ei
741 2107 868 2190 triginta
889 2113 1066 2192 argenteos.
1099 2105 1151 2170 ld.

18 2208 62 2274 Et
81 2228 122 2273 ex
144 2227 184 2272 eo
206 2215 351 2294 tempora
378 2203 553 2294 quaerebat
579 2207 863 2294 opportunitatem,
896 2217 932 2273 ut
952 2227 1025 2272 eum
1048 2205 1152 2272 trade-

19 2319 77 2376 ret.
121 2309 174 2376 17.
204 2307 375 2376 Caeterum
403 2310 507 2396 primo
536 2307 588 2374 die
615 2309 812 2393 Arpinorum
833 2317 1037 2374 accesserunt
1057 2307 1154 2374 disci·

20 2411 91 2500 puli
114 2409 157 2478 sd
177 2411 299 2492 lessus,
326 2408 469 2477 dicentes
497 2412 541 2490 ei,
573 2407 640 2476 Ubi
662 2411 712 2474 vis
734 2428 883 2497 pereutus
909 2409 969 2478 tibi
992 2408 1034 2475 od
1056 2408 1155 2476 edeu·

1 2513 99 2596 ,dum
127 2511 266 2578 Pascha?
310 2511 361 2578 18.
388 2514 432 2578 At
452 2507 508 2579 ille
535 2511 758 2588 disit,1tein
787 2511 899 2581 urbest
920 2511 963 2579 sd
985 2511 1157 2600 quendem,
1185 2519 1188 2536 '

1 2670 2 2673 ,
23 2625 56 2682 et
75 2615 175 2682 dieite
194 2617 238 2692 ei,
265 2613 421 2700 Magister
442 2614 535 2688 dicit,
556 2615 699 2701 Tempus
721 2634 826 2680 meum
847 2635 951 2703 prope
973 2625 1027 2681 est
1067 2613 1156 2702 opud

1 2727 55 2784 ¹te
75 2715 161 2783 locio
181 2715 303 2782 Pascba
325 2737 397 2782 cum
420 2713 585 2803 discipulis
613 2717 702 2781 tucis.
747 2717 800 2782 ts.
826 2715 868 2782 Et
894 2715 1040 2782 lecerunt
1061 2715 1157 2784 disci·

2 2817 109 2908 puli,
134 2819 217 2884 sicut
237 2819 402 2884 coustituit
429 2817 496 2885 illis
521 2817 629 2894 lesus,
662 2825 695 2884 et
715 2827 912 2904 paraverunt
929 2817 1061 2888 Pascha.
1100 2819 1155 2889 2⁰.

2 2918 5 3002 J.
24 2922 171 3010 Vespere
190 2930 296 2986 sotera
317 2920 403 2988 laeto
424 2917 590 2987 discubuit
610 2937 684 2984 ctam
706 2917 887 2986 duodecim.

109 3087 250 3160 MARC.
270 3089 359 3156 XIV.
404 3091 455 3157 10.
490 3089 533 3158 Et
560 3087 655 3155 ladas
684 3089 853 3155 iscariotes
874 3111 959 3158 uuus
986 3109 1005 3156 e
1032 3089 1158 3160 duode-

27 3195 89 3260 cies
110 3191 189 3260 abiit
208 3191 249 3260 ad
271 3215 413 3260 summos
435 3191 632 3270 sacerdotes,
661 3201 696 3258 ut
724 3191 875 3280 proderet
898 3215 970 3259 eum
991 3193 1065 3261 illis.
1105 3196 1159 3264 ll.

29 3297 108 3381 Quo
126 3295 240 3362 audito
258 3295 307 3362 illi
329 3296 429 3381 gavisi
450 3303 539 3372 suut,
573 3303 604 3360 et
626 3292 762 3379 polliciti
783 3303 858 3359 suot
879 3295 910 3359 ei
930 3297 1099 3380 pecuniam
1120 3316 1158 3362 se

28 3397 175 3462 daturos:
210 3406 242 3464 et
269 3396 456 3486 quaerebat,
490 3395 657 3484 qrrornodo
689 3401 870 3482 opportune
896 3393 987 3462 illum
1008 3397 1156 3466 traderet.

32 3501 82 3566 12.
102 3499 152 3564 Ac
172 3501 277 3587 priato
299 3499 353 3567 die
374 3500 585 3586 Aayrsoruot,
607 3518 705 3585 quous
727 3497 849 3564 Pascba
870 3497 1088 3577 itureolsreot,
1109 3501 1160 3569 di-

3 3593 4 3677 Ϊ
31 3609 107 3666 cust
125 3599 174 3665 illi
196 3600 345 3690 discipuli
366 3603 432 3678 soi,
465 3598 630 3686 Quouis,
660 3608 696 3665 ut
717 3617 839 3677 cantus,
874 3609 905 3665 et
932 3621 1094 3687 paremus,
1124 3613 1160 3672 ut

32 3701 109 3768 edas
130 3701 273 3769 Pascha?
314 3701 364 3768 ts.
385 3703 428 3770 Et
448 3703 560 3769 emittit
581 3699 665 3767 duos
687 3723 705 3766 e
727 3699 893 3788 discipulis
916 3703 1000 3784 auis,
1033 3713 1064 3771 et
1085 3706 1163 3774 dicit

4 3837 5 3842 ¹
32 3805 178 3885 illis,1tc
198 3805 233 3871 in
254 3802 382 3884 urbem,
403 3816 436 3872 ct
456 3811 603 3873 occurret
623 3799 718 3870 vobis
743 3803 841 3870 bosso
863 3804 1010 3891 bydrism
1031 3806 1162 3876 fictilem

4 3911 6 3920 ’
33 3927 135 3995 oqose
156 3905 281 3994 pleuros
302 3905 464 3972 boiolaos=
493 3906 662 3993 sequimini
685 3903 783 3969 illum.
828 3907 881 3970 ll.
902 3909 945 3974 Et
966 3929 1163 3997 quocunque

34 4011 195 4096 ingressus
216 4007 325 4088 luerit,
351 4007 448 4076 dicite
469 4005 699 4098 patrifamilias,
726 4003 881 4094 Magister
903 4006 993 4088 dicit,
1023 4007 1090 4078 Ubi
1112 4019 1163 4078 est

36 4111 259 4190 diversorium,
281 4107 339 4178 ubi
361 4109 482 4177 Pascha
504 4130 577 4176 coar
599 4107 769 4195 discipulis
792 4113 872 4176 meis
893 4109 1004 4176 edant?
1046 4111 1098 4180 15.
1119 4112 1163 4180 Et

36 4212 91 4280 ille
110 4211 205 4280 vobis
233 4211 384 4279 ostendet
408 4209 580 4276 triclinium
608 4229 757 4298 magnum
784 4221 931 4278 stratum:
964 4211 1032 4278 illic
1053 4223 1163 4302 parate

37 4314 139 4384 uobis.
183 4313 236 4380 16.
258 4315 302 4382 Et
322 4313 466 4382 exierunt
487 4309 635 4402 discipuli
657 4313 742 4396 eius,
764 4321 797 4382 et
818 4323 975 4383 venerunt
995 4315 1029 4382 in
1051 4317 1163 4384 civita·
