2568 4848
352 188 415 270 (tt
435 191 592 254 &mnium
611 191 761 274 losephi.)
1086 203 1129 262 63

42 331 182 392 sactificans
208 353 224 392 a
246 331 372 396 Satanae
400 335 557 416 tyrannide
586 336 733 411 vindicat,
764 349 797 396 ot
829 337 958 396 iustitiae
990 339 1125 400 vivamus.

41 415 108 479 tpnre
126 427 180 466 uon
200 429 264 468 rere
283 412 454 491 agnoscitur
471 425 605 474 servator
624 413 775 488 Christus,
795 413 892 472 donec
911 413 969 473 fide
988 413 1126 496 amplecti

38 483 140 542 thamus
156 487 302 566 gratuitam
337 501 526 567 peccatorum
554 489 771 564 remissionem,
803 501 834 550 et
857 509 912 550 nos
937 511 1036 550 coram
1056 492 1124 554 Deo

36 561 97 616 iustos
111 562 214 620 censeri
232 563 374 636 sciamus,
393 566 458 642 quia
478 565 606 626 absoluti
625 587 723 626 sumna
744 587 760 626 a
780 577 878 626 reatu:
899 565 1006 626 deiude
1028 567 1124 647 Spiri-

35 647 73 691 tnn
88 636 197 696 iustitiae
222 651 252 698 et
276 641 462 702 rectitudinis
487 641 524 702 ah
550 662 586 702 eo
612 654 760 720 petamus,
785 643 866 702 omni
893 653 924 702 et
949 663 1073 722 operum
1094 657 1125 708 et

32 711 113 770 sistatis
130 725 240 774 nostrae
258 715 366 776 fiducia
385 718 477 780 uacui.
524 717 634 780 Christi
658 718 801 799 populum
821 717 926 798 procul
946 717 1038 780 dubio
1057 721 1123 782 Διι-

32 787 86 865 gelos
102 790 221 850 nominat
241 791 383 868 Iudaeos,
403 794 510 872 quihus
529 795 559 854 in
574 795 671 874 Caput
692 807 722 854 et
741 794 853 876 Regem
874 794 1026 856 ordinatus
1046 808 1123 858 erat:

33 863 131 941 niquis
159 863 332 928 inserendae
363 871 450 950 paulo
474 882 545 963 post
569 881 653 930 erant
678 883 782 952 gentes
805 871 835 932 iu
862 891 955 953 genua
975 871 1124 950 Abrahae,

33 941 155 1001 extenditur
171 941 242 1004 haec
261 942 366 1004 salutis
386 948 542 1026 promissio
563 947 730 1028 prorniscue
750 947 787 1008 ad
807 967 920 1024 omncs,
940 947 991 1028 qui
1011 947 1069 1008 fide
1088 949 1122 1010 in

33 1037 90 1072 ιιιιι
107 1017 240 1078 Ecclesiae
260 1041 371 1100 corpus
392 1023 569 1084 coalescunt.

79 1099 116 1156 ‘dh
148 1093 215 1156 Hoc
231 1109 324 1154 totum
335 1099 458 1179 foetum
477 1113 526 1158 est.
575 1099 685 1160 Inscite
716 1111 865 1181 nugantur
895 1112 926 1160 et
957 1101 1122 1180 pueriliter,

33 1169 63 1244 qni
77 1171 240 1230 contendunt
260 1173 342 1234 Filio
363 1175 420 1234 Dei
448 1175 515 1236 iden
540 1175 709 1254 impositum
730 1197 793 1236 esse
813 1195 922 1238 nomen
942 1177 1027 1252 lesu,
1053 1179 1121 1270 qnia
1173 1189 1178 1197 '

33 1255 114 1302 iuretur
130 1245 297 1308 immanuel.
339 1251 409 1310 Non
436 1253 514 1312 enim
543 1251 713 1342 particulam
740 1273 829 1312 unam
854 1253 993 1314 duntaxat
1014 1255 1121 1332 arripit

33 1319 162 1395 Matthaeus,
188 1325 239 1385 sed
261 1325 406 1406 quicquid
431 1327 461 1386 iu
481 1328 593 1388 Christi
618 1329 817 1408 conceptione
843 1327 972 1390 coeleste
991 1350 1025 1391 ac
1043 1331 1119 1392 divi·

34 1417 77 1451 ιιιι
91 1411 125 1456 cst
139 1401 365 1480 complectitur,
385 1425 444 1482 quo
466 1403 554 1464 etiarn
575 1405 705 1483 pertinet
721 1403 892 1466 universalis
912 1417 993 1466 nota.
1031 1406 1119 1468 Nune

36 1471 145 1534 sitantum
155 1489 206 1550 est,
248 1499 318 1540 uam
333 1480 469 1559 apposite
484 1482 591 1540 citetur
602 1479 712 1540 lesaire
725 1481 903 1540 vaticinium.
940 1481 1040 1543 Locus
1051 1483 1119 1544 satie

41 1559 139 1610 natusest
155 1574 187 1613 ac
205 1575 240 1614 ce
274 1553 348 1629 bris,
369 1577 430 1635 cap.
441 1562 472 1631 7,
484 1563 548 1620 'lt-s
567 1556 619 1618 sed
639 1557 740 1618 ludaei
761 1578 816 1636 pro
835 1555 921 1618 solita
941 1577 991 1618 sua
1010 1558 1120 1620 inditia

39 1624 246 1706 condeprecant,
273 1653 442 1711 quanquam
469 1653 530 1694 non
556 1632 653 1694 minus
679 1653 802 1694 coecum
824 1646 853 1694 et
878 1633 1006 1706 ictuum,
1031 1656 1118 1713 qnam

35 1697 153 1774 iutprohum
163 1705 276 1768 Christi
299 1708 471 1768 etveritatis
491 1709 591 1769 odium
613 1709 658 1770 hic
698 1709 816 1770 rodunt,
855 1711 901 1770 Eo
921 1709 1120 1790 impudentiae

34 1781 137 1853 progressi
152 1796 219 1842 sont
236 1780 327 1844 multi
349 1803 450 1844 eorum
463 1785 601 1860 Rabhini,
620 1797 655 1846 ut
687 1805 702 1844 e
722 1805 793 1868 rege
807 1784 906 1845 Hiskia
927 1799 1120 1865 exponerent,

34 1851 65 1937 pi
83 1865 135 1914 tunc
156 1877 249 1920 annos
276 1860 397 1920 circiter
421 1861 588 1940 quindecim
613 1875 696 1924 natus
716 1874 788 1921 erat.
829 1861 950 1937 Qualis,
982 1863 1119 1938 obsecro,

33 1937 65 2010 pta
79 1939 111 1988 est
125 1935 282 1996 mentiendi
304 1935 410 2009 libido,
430 1957 531 1998 everso
543 1949 662 2000 naturae
676 1937 780 2000 ordine
800 1936 934 1998 iuvenem
955 1939 1119 1998 recondere

33 2021 50 2056 n
63 2015 126 2066 utero
144 2013 254 2088 matris,
285 2025 322 2072 nt
341 2013 469 2074 sedecim
489 2035 634 2074 annorum
654 2027 804 2086 nascatur,
833 2033 872 2074 ue
896 2013 1004 2076 claram
1023 2015 1118 2076 iucem

34 2077 159 2165 admittant?
196 2089 257 2148 Sed
289 2089 376 2172 digni
408 2101 477 2150 sunt
500 2091 613 2152 scilicet
643 2091 741 2152 hostes
772 2089 898 2164 Christi,
931 2111 1006 2184 quos
1037 2091 1118 2151 Deus

32 2156 101 2238 spiritu
116 2165 255 2245 vertiginis
283 2177 317 2226 et
339 2167 467 2245 stuporis
493 2189 647 2258 percussos
672 2168 804 2228 infatuet.
843 2165 904 2226 Atii
924 2167 978 2228 arbi
1002 2167 1119 2248 lingunt

33 2243 126 2306 tgnotum
142 2247 306 2320 qnempiam
331 2241 420 2302 hlium
439 2263 516 2324 regis
534 2243 639 2319 hohas,
660 2265 747 2323 quem
765 2241 917 2322 Propheta
937 2243 1117 2306 nasciturum

34 2310 168 2380 praetiterit.
209 2319 269 2378 Sed
293 2338 423 2398 quaero,
448 2341 507 2398 quo
534 2319 597 2379 iore
624 2331 742 2380 vocatus
767 2319 858 2378 suerit
882 2317 1063 2392 immanuel,
1088 2329 1119 2380 et

34 2389 82 2468 ltqt
101 2389 152 2450 eius
174 2393 302 2474 imperio
327 2394 477 2468 subiecta,
509 2397 558 2472 qui
588 2397 716 2476 privatus
742 2407 772 2456 et
802 2395 864 2454 sine
888 2393 1005 2454 honore
1029 2395 1118 2454 vitam

34 2451 104 2520 instit:
121 2487 177 2528 nam
196 2471 286 2550 paulo
310 2483 376 2550 post
396 2471 473 2534 idem
487 2469 635 2552 Propheta
655 2492 778 2552 puerunt
799 2469 892 2544 illum,
913 2469 1044 2550 quisquis
1065 2480 1118 2546 est,

34 2539 141 2602 constituit
155 2557 248 2608 terrae
270 2547 432 2608 domiuum.
471 2547 534 2608 Nec
558 2551 653 2608 minus
673 2547 797 2626 insipide
816 2549 967 2628 garriunt,
994 2546 1117 2638 quJ'Q·

34 2603 73 2668 lnt
87 2615 131 2678 hoc
147 2622 252 2684 dictum
274 2643 339 2684 esse
359 2625 396 2682 de
406 2623 574 2703 Prophetae
594 2625 665 2686 filio.
703 2625 741 2683 Et
753 2636 833 2684 certe
854 2621 907 2686 hac
926 2623 956 2684 iu
979 2643 1010 2682 re
1032 2645 1117 2686 nanus

35 2704 94 2767 ΨΜ
110 2693 263 2762 hallucinati
284 2711 354 2760 sunt
373 2699 532 2764 Christiani
551 2701 711 2781 scriptores
731 2701 919 2772 vaticinium,
966 2699 1025 2760 uod
1066 2721 1116 2759 ro-

34 2777 81 2822 tuno
97 2775 177 2850 capite
195 2779 341 2857 sequitur,
359 2777 394 2836 ad
414 2775 564 2838 Christum
585 2777 739 2837 trahendo.
778 2777 859 2836 Dicit
877 2721 1117 2856 illic‘Propheta,

36 2853 53 2890 ll
70 2851 258 2918 stratonem
279 2853 389 2913 iussum
409 2873 472 2914 esse
491 2875 558 2916 curn
583 2874 672 2914 uxore
692 2851 851 2934 congredi,
875 2865 905 2912 et
925 2853 1005 2928 irlio,
1027 2871 1117 2932 quem

35 2926 146 3042 pluent,
170 2950 280 2990 nornen
301 2930 358 2989 Dei
378 2929 514 2990 mandato
538 2929 624 2990 luisse
644 2930 830 3010 impositum,
848 2929 1006 3002 Accelera,
1031 2947 1118 3008 prae-

35 3009 84 3050 ΗΝ·
113 3001 178 3062 Nam
208 3005 269 3068 illic
300 3015 411 3066 tantum
443 3017 564 3066 nentur
589 3007 659 3066 belli
686 3018 858 3086 tempestas,
892 3025 967 3084 quae
992 3002 1118 3094 instahpt

36 3087 76 3124 ιιιι
91 3071 206 3142 horribili
223 3082 370 3144 vastitate.
411 3081 499 3142 Unde
519 3082 605 3142 lacile
626 3083 757 3156 elicitur,
783 3103 829 3142 res
849 3101 911 3142 esse
931 3101 1051 3162 prorsus
1072 3077 1118 3138 da-

36 3159 104 3206 rersas.
129 3154 204 3236 Ergo
223 3179 396 3238 quaeramus
414 3159 576 3240 genuinum
597 3159 757 3240 praesentis
777 3159 836 3218 loci
857 3177 984 3218 nusum.
1016 3155 1117 3228 Qun!

37 3215 114 3302 thessa
129 3233 196 3294 urhe
216 3234 376 3296 ierusalem
396 3247 535 3294 tremeret
558 3257 608 3298 res
626 3235 739 3306 Achae,
759 3236 818 3296 imo
840 3252 949 3313 pavore
969 3231 1032 3290 sere
1052 3249 1118 3288 exa-

37 3309 208 3384 rmatusesset,
226 3311 354 3372 mittitur
373 3311 408 3374 ad
431 3332 497 3370 eum
509 3313 669 3393 Propheta,
690 3313 740 3392 qui
760 3309 925 3390 promittat,
937 3307 1035 3396 Deum
1052 3304 1118 3366 sore

37 3369 87 3432 “flu
101 3387 248 3452 custodem.
296 3389 396 3462 Quum
416 3387 536 3478 simplex
555 3389 711 3468 promissio
731 3386 886 3450 confusum
908 3385 968 3444 eius
988 3401 1117 3446 animum

39 3461 76 3504 '⁰¹¹
90 3457 198 3538 erigeret
215 3465 288 3544 (les.
307 3471 342 3538 7,
362 3467 438 3540 tt),
469 3465 587 3524 iubetur
610 3463 761 3544 Propheta
785 3463 902 3544 signum
927 3459 970 3522 illi
995 3457 1118 3550 ellare,

38 3523 193 3616 tuteturque
216 3541 338 3621 petierit
360 3542 420 3600 sive
445 3540 474 3599 in
496 3541 598 3614 coelo,
623 3542 682 3600 siue
707 3540 737 3598 in
763 3549 851 3598 terra.
891 3538 992 3611 Quum
1013 3555 1118 3670 impres

38 3594 68 3654 lle
81 3601 210 3686 hypocrita
228 3639 309 3678 suam
329 3616 528 3678 infidelitatem
550 3615 699 3678 occultans
719 3615 834 3695 signum
854 3625 1022 3694 respueret,
1067 3629 1118 3670 ro·

39 3670 95 3766 pheta
110 3685 195 3754 durius
213 3693 295 3756 illuns
316 3693 464 3776 ohimgat,
483 3705 513 3752 ct
531 3693 650 3754 tandem
669 3691 796 3764 suhiicit,
816 3690 909 3750 Dahit
928 3687 1117 3778 tpmenDeus

38 3749 220 3843 tthtssignum:
247 3790 318 3828 ecce
338 3771 417 3828 enim
439 3770 532 3850 Virgo
559 3769 724 3850 concipiet,
743 3770 896 3847 parietque
917 3765 1041 3838 Filium,
1060 3774 1117 3822 ete.

39 3819 127 3916 llne'd,
143 3841 252 3908 Christo
273 3846 382 3908 dictum
409 3847 635 3924 interpretamur
657 3848 688 3906 iu
713 3843 945 3906 hunerondum:
972 3843 1034 3902 Vos
1054 3849 1119 3930 tota

40 3893 121 3970 hastilis
138 3923 292 3996 posteritas,
313 3935 452 4001 quantum
473 3923 503 3982 in
524 3921 607 3984 vohis
628 3933 682 3996 est,
700 3919 823 3982 studetis
844 3919 1013 4000 promissam
1034 3915 1118 3976 volus

40 3983 123 4062 tertiam
140 3994 250 4058 tholere
287 4020 353 4060 nam
373 3998 522 4079 Propheta
548 3999 667 4060 dentum
686 3997 804 4057 Doridis
829 3995 1008 4077 ignominiae
1035 4013 1119 4080 causa

43 4003 302 4153 lttrtpconpettnl:
328 4097 476 4154 nunquam
500 4086 597 4136 tamen
629 4075 749 4155 perfidia
767 4085 862 4133 uestra
888 4071 1017 4144 efficiet,
1047 4087 1119 4157 qurn

43 4147 137 4208 tupcnof
160 4163 285 4290 emergat
309 4149 369 4212 Dei
393 4152 505 4212 veritus.
549 4150 663 4212 Urbem
688 4151 769 4212 Deus
793 4148 900 4210 salvam
926 4147 962 4208 ab
988 4141 1121 4204 hostrhua

74 4209 80 4221 Ο

45 4213 219 4301 ttsnrotmen
257 4248 310 4288 ore
331 4227 489 4310 promittit:
514 4227 538 4286 si
560 4248 620 4288 nou
641 4227 768 4288 sulliciat
791 4229 852 4288 eins
875 4223 1013 4308 verbum,
1038 4217 1120 4276 ohsi-

46 4295 151 4358 l⁰²l¹⁰¹¹l⁸
175 4315 309 4368 teneram
329 4315 427 4368 vesun
457 4304 582 4368 arbitrio
613 4304 683 4366 dare
714 4314 830 4384 pacatus
858 4311 912 4360 est.
960 4291 1121 4354 tsctntttn
