2596 4840
151 181 191 240 22
541 169 599 234 10.
610 169 782 234 ceevtru
802 169 903 232 VITA

156 327 205 380 tus
224 313 306 376 dorni
325 309 519 390 refutaverat,
538 313 645 376 deinde
664 315 700 376 ad
720 335 752 378 se
771 326 906 378 vocatum
924 313 1036 376 docere
1053 309 1174 372 meliora
1195 309 1285 368 fuera

157 403 290 454 conatam.
327 390 371 450 At
388 388 449 466 ille,
472 391 533 452 sive
557 391 720 453 ambitione
738 392 900 453 monastica
919 389 1063 470 percitus,
1088 389 1148 448 sive
1172 385 1208 447 ab
1238 385 1285 445 illi

157 465 288 529 factIosis
306 465 476 548 iampridem
498 470 721 548 quaerentibus,
748 489 907 549 perquem
928 466 1083 528 Calvinum
1103 463 1285 524 lacesserent

158 543 310 616 incitatus,
362 543 434 603 alam
460 545 578 605 tandem
604 567 689 606 ausus
715 558 759 606 est
784 545 813 606 in
839 545 904 624 ipso
931 541 1169 624 congregationis
1201 552 1285 600 coen

158 620 240 680 XVI.
256 564 394 692 octode,
412 620 574 716 'quum'ille
593 623 715 718 Ioannis
735 621 817 682 locus
838 620 1045 716 explicaretur,
1080 617 1139 702 (lui
1161 638 1202 675 en
1225 614 1285 710 Dp

160 693 540 862 lillderutnmldrlsllliludldll'
564 712 692 854 ditem
715 695 930 855 didesilidldtdld
962 717 1003 831 :d
1028 693 1183 861 Relicta?
1206 705 1285 848 pff:

164 849 369 912 destinationrs
395 848 545 912 decretum
572 851 779 924 evertendum,
802 849 922 910 adiectis
952 859 1104 930 praeterea
1134 867 1164 906 ιιι
1195 859 1285 906 serat

162 924 327 988 doctrinam
347 926 544 1004 contumeliis,
562 928 639 990 fastu
661 947 698 988 ue
717 946 798 988 mere
817 925 957 988 seditioso
977 923 1128 1005 proferres
1148 921 1239 1001 idque
1266 931 1285 982 ιι

161 1011 196 1062 ut
215 1002 394 1062 existimatur
411 1001 558 1079 audacius,
578 949 658 1085 quod
677 1003 757 1066 sone
769 1001 925 1064 Calenum
943 1022 997 1062 suo
1019 999 1086 1061 loco
1108 1019 1169 1060 non
1188 997 1285 1064 aeden

162 1089 224 1139 tem
243 1077 346 1140 clause
366 1079 510 1140 crederet
547 1082 587 1140 Et
609 1081 713 1142 aberat
735 1079 853 1161 quidem
879 1075 929 1138 ille
953 1075 1051 1136 initio.
1089 1075 1151 1136 Sed
1169 1093 1206 1136 eu
1226 1095 1285 1134 sen

162 1174 283 1216 monem
306 1155 336 1215 in
374 1175 440 1218 esso
462 1159 672 1238 superveniens
705 1176 785 1248 pone
816 1154 888 1216 alios
913 1151 1073 1216 nonnullos
1100 1171 1164 1214 sese
1197 1151 1285 1214 conti

162 1243 276 1292 onerat.
337 1174 433 1292 linita
465 1233 603 1296 monachi
639 1245 775 1294 oratsone
808 1230 947 1293 Calvinus
981 1240 1106 1309 repente
1140 1247 1285 1308 apparent

163 1307 293 1384 quamvis
317 1309 404 1389 plane
429 1308 501 1370 nihil
526 1323 612 1371 antea
636 1309 695 1371 tale
720 1308 892 1382 meditatus,
923 1317 985 1366 tum
1014 1317 1096 1366 certe
1118 1303 1142 1364 si
1166 1317 1285 1382 unquat

163 1381 234 1444 alias
253 1384 303 1464 qui
323 1386 366 1445 uir
385 1397 462 1446 esset
480 1385 619 1448 ostendit.
657 1385 809 1465 Siquidem
829 1383 911 1444 illum
931 1393 978 1444 tot
997 1381 1081 1443 verbi
1102 1378 1191 1441 divini
1212 1381 1285 1442 testi

163 1459 287 1536 monim,
305 1473 352 1522 tot
371 1461 528 1544 Augustini
547 1463 719 1544 praesertim
739 1461 829 1537 locis,
848 1471 896 1520 tot
915 1459 1043 1538 denique
1062 1470 1178 1536 umque
1197 1455 1285 1537 gravi

163 1535 219 1598 bns
248 1537 428 1618 argumentis
457 1539 636 1614 confutavit,
667 1537 808 1620 perculit,
839 1535 956 1610 obruit,
986 1547 1019 1594 ut
1047 1553 1150 1595 omnes
1178 1544 1285 1613 praete

164 1610 174 1670 i
211 1627 321 1674 ummet
341 1614 497 1706 perfrictae
519 1615 624 1678 frontis
644 1615 818 1676 monachum
844 1613 934 1694 ipsius
954 1612 1144 1672 vehementer
1162 1609 1285 1689 pudere

193 1689 277 1781 derpt
295 1690 326 1750 in
347 1711 411 1782 rpsp
432 1692 612 1785 audientium
631 1703 719 1784 coetu
740 1687 1096 1781 AsscssorumoPraetoris
1115 1707 1201 1760 unus,
1223 1703 1285 1764 qur

163 1764 1285 1924 {diuidiidiiiiilili'li'ini'iolia''iiddm‘dildllidii'il

163 1917 325 1980 tationibus
344 1920 463 2002 agitata,
483 1923 608 1982 Senatus
628 1921 845 1982 Helvetieacum
864 1918 953 1979 etiarn
972 1913 1159 1978 ecclesiarum
1177 1927 1285 1980 sentes

162 1994 234 2054 tiam
276 2008 461 2058 crcunctatus
482 1997 562 2059 illum
582 2009 644 2057 tum
664 2008 698 2056 ut
716 1996 906 2072 seditiosum,
928 2006 992 2054 tum
1010 2005 1045 2054 ut
1063 2013 1144 2054 mere
1162 1991 1285 2086 Pelagii

131 2139 136 2146 .
164 2089 235 2131 num
286 2072 370 2131 XIII.
391 2073 550 2134 Decembr.
589 2073 687 2134 ublice
706 2073 873 2134 damnatum
893 2070 968 2132 urbe
988 2069 1112 2150 expulit,
1131 2069 1285 2130 fustuaraat

167 2166 293 2226 poenam
319 2149 459 2224 minatus,
484 2152 509 2210 si
534 2171 570 2211 re
600 2150 632 2210 iu
655 2149 730 2210 urbe
756 2147 800 2209 rel
827 2147 857 2208 iu
878 2147 959 2208 urbis
978 2147 1130 2207 territorio
1151 2156 1229 2206 esset
1252 2147 1285 2208 dt

166 2223 337 2302 prehensus.
376 2225 443 2306 Ipse
474 2238 577 2320 postca
609 2229 640 2287 in
669 2226 795 2286 uicinum
826 2223 968 2317 oppidum
999 2223 1162 2315 demigrans
1193 2222 1285 2284 mults

165 2302 713 2441 tttttltt‘ttbt'nltltdttti
731 2302 880 2450 lette:
903 2297 1285 2463 ttltttdlttttntlffl

167 2451 299 2533 putabat,
319 2453 465 2516 Lutetiam
487 2456 611 2536 primurn
632 2456 760 2534 indeque
775 2452 925 2514 Aureliam
945 2453 1070 2526 veniret,
1090 2451 1285 2531 poenitentia

169 2529 249 2590 miris
268 2529 378 2590 artibus
398 2530 553 2606 simulans,
577 2533 716 2610 ultroque
740 2551 806 2590 cum
826 2528 994 2591 Geuevensi
1020 2527 1141 2588 ecclesia
1166 2546 1285 2590 resono

169 2605 320 2665 liationem
342 2617 461 2685 petens,
487 2608 568 2687 quod
615 2627 684 2666 uum
704 2625 736 2666 re
763 2607 824 2685 ipsa
849 2606 1037 2696 praestiturus
1062 2604 1228 2676 videretur,
1258 2605 1285 2664 ul

169 2629 1285 2834 ticionum:rin1ssn:siccensem

88 2871 94 2888 Ι
170 2833 284 2894 nonicis
304 2781 619 2917 Augustodunellsibus
647 2836 698 2916 [io
721 2833 792 2894 urbo
809 2834 936 2915 Amase]
963 2779 1135 2915 prostituti)
1160 2835 1285 2894 uansin

170 2911 250 2970 unde
277 2931 355 2970 nunc
380 2912 467 2972 etiam
500 2913 605 2993 quibus
636 2922 735 3004 potest
767 2911 927 2972 maledictis
953 2912 1106 2972 veritatem
1132 2910 1285 2990 proscinsl

169 2986 212 3045 At
231 2985 371 3047 Generae
391 2989 504 3050 interea
525 2989 694 3070 Collegium
713 2988 912 3050 ministrorum
939 2987 970 3048 ln
996 2987 1115 3068 publico
1140 2997 1230 3046 coetu
1262 3009 1285 3052 v,

171 3083 234 3122 ram
259 3061 295 3122 de
320 3065 587 3144 praedestinatione
617 3065 781 3125 doctrinam
809 3065 948 3141 asseruit,
983 3063 1163 3144 publicoque
1191 3062 1285 3142 script

172 3138 311 3230 deinceps
334 3161 351 3200 a
378 3140 501 3203 Calvino
526 3141 767 3222 comprehensam
792 3141 1010 3220 comprobavit:
1042 3141 1100 3200 hoc
1124 3160 1218 3200 unum
1249 3139 1285 3202 ist

171 3215 295 3276 dissidio
320 3231 505 3296 consequuto
530 3219 655 3289 Satana,
682 3229 714 3278 ut
737 3229 826 3298 eaput
850 3218 907 3280 hoc
928 3217 1114 3280 ChristIanae
1139 3213 1285 3296 religioni

172 3304 257 3384 ente?
277 3293 535 3385 qbscurlsaimum,
562 3295 721 3357 dilucidum
745 3293 992 3375 perspicuumque
1016 3293 1129 3356 eunctis
1149 3313 1212 3356 nun
1234 3313 1285 3352 col

171 3379 307 3430 tentrosts
327 3371 458 3432 evaserit

248 3524 362 3600 (1552)
401 3525 490 3586 Anno
510 3543 583 3584 uero
609 3521 747 3605 deinceps
770 3535 898 3603 sequnto
917 3521 1008 3604 magis
1033 3521 1179 3614 apparuit,
1212 3539 1283 3654 qua

173 3609 231 3658 tam
251 3599 397 3660 dammam
417 3601 597 3662 accendisset
615 3600 747 3692 impurus
767 3599 828 3674 ille,
848 3599 920 3660 licet
938 3619 1088 3660 com-uns
1101 3609 1147 3658 tot
1167 3617 1221 3656 ecc
1235 3595 1285 3664 esi

173 3691 237 3734 rum
257 3675 368 3738 iudicio
387 3677 547 3740 damnatus.
578 3677 697 3738 Etenrm
711 3688 771 3738 tum
789 3677 850 3758 ipsa
869 3675 1049 3758 quaestionis
1069 3675 1201 3736 nundum
1224 3687 1285 3738 ant

171 3752 273 3812 satias
315 3751 439 3831 lenisque
459 3753 606 3816 ueteribus
626 3753 795 3834 explicatae,
816 3773 871 3814 nec
893 3751 998 3814 eodem
1018 3771 1136 3832 semper
1147 3751 1229 3810 exitu
1253 3771 1285 3834 ap

173 3839 250 3887 tatae
303 3829 436 3890 ifficultas
462 3831 576 3892 curiosa
596 3830 768 3910 praesertim
788 3829 906 3912 ingenia
930 3829 966 3890 ad
994 3827 1051 3890 boc
1075 3829 1169 3908 ipsum
1196 3826 1285 3906 disqu

173 3903 299 3964 rendum
318 3907 513 3980 accendebat,
534 3919 595 3966 tum
617 3906 730 3967 factiosi
746 3906 928 4044 praeclaram
948 3905 1005 3966 sibi
1026 3903 1154 3966 oblatum
1175 3905 1285 3964 occasi

175 4000 243 4040 nem
263 3981 298 4042 ad
318 3983 416 4043 omnia
440 3985 565 4046 Calvino
590 3985 686 4042 eiecto
710 4005 744 4043 su
767 3983 906 4044 vertenda
932 3981 1081 4062 putabant.
1121 3983 1230 4058 Itaque
1260 3981 1285 4044 dr

175 4077 236 4116 nou
249 4072 356 4136 potest,
375 4081 450 4139 quae
470 4081 531 4122 non
553 4061 582 4120 in
605 4059 678 4120 urbe
699 4072 820 4134 mutum,
840 4079 939 4119 verum
961 4061 1048 4118 ctiam
1068 4057 1147 4118 ultro
1162 4058 1285 4136 citroqt

173 4132 263 4194 veluti
283 4135 307 4196 si
328 4135 477 4198 classicum
497 4139 560 4217 ipse
579 4137 669 4198 Satan
690 4137 860 4209 cecinisset,
884 4135 1091 4198 contentiones
1116 4134 1178 4194 sint
1204 4155 1285 4200 cons

174 4223 289 4288 (quotae.
327 4214 390 4274 Etsi
411 4216 490 4274 enirn
532 4213 612 4274 ulcre
632 4216 711 4272 inter
730 4213 952 4292 praecipuarum
972 4211 1157 4272 ecclesIaruna
1180 4221 1285 4290 pastor

174 4289 387 4367 conveniebat,
413 4313 475 4354 nou
500 4236 623 4352 derant
647 4299 746 4352 umen
770 4288 871 4369 quiin
891 4287 993 4352 vicinia
1013 4287 1174 4352 liernensia
1194 4285 1285 4354 dirim
