2524 4856
202 206 386 288 (ΗΟ-133
423 203 509 274 Aeris
526 204 742 275 auct-m
760 209 953 293 musaeu)
1084 211 1143 276 Μ

42 357 161 430 inssi
196 357 248 428 34.
274 359 794 448 namurcensem
816 363 1009 452 Prophetes,
1033 369 1143 430 ets»

12 473 14 495 ²
42 465 142 552 pientes
161 471 191 530 et
210 461 344 544 scribas,
374 473 406 530 et
428 483 468 531 cx
489 461 555 530 iilis
576 461 659 530 elios
681 462 851 546 occidetis,
877 475 909 532 et
934 463 1142 552 crudfigetis:

12 559 14 570 '
42 575 116 632 etex
136 563 194 634 illia
220 565 300 634 alios
326 563 531 656 flagellabitis
559 567 594 634 iu
621 570 793 656 synagogis
820 571 951 649 vestris,
977 577 1010 634 et
1035 589 1145 656 perse-

12 717 15 724 ·
42 669 154 754 uuniru‘
173 667 215 736 de
235 665 316 735 urbe
337 670 372 734 in
393 667 521 747 urbem,
563 667 617 736 35.
640 670 687 736 Ut
706 672 814 736 verriu
835 691 936 758 super
957 691 1017 738 vos
1038 673 1144 738 urania

12 771 15 850 ἶ
40 772 144 856 sanguis
163 773 270 850 iustus,
293 772 350 858 qni
372 770 495 837 eiiusus
516 780 565 836 eet
586 780 820 858 superterram
843 793 862 837 a
882 773 1039 860 sanguine
1060 772 1145 840 Abel

12 949 14 954 ¹
39 873 213 963 iustiorque
239 871 281 940 ad
306 873 495 961 sauguinem
520 873 709 964 Zachariae,
740 871 802 942 filii
827 875 1020 954 Barachiae,
1047 897 1144 964 quern
1221 942 1224 954 ,

40 973 174 1044 cunnus
192 979 275 1044 inter
296 975 449 1064 tenplum
471 984 502 1042 ct
523 974 632 1042 altare.
665 975 719 1044 36.
741 979 844 1046 Ainea
865 977 940 1045 dico
962 977 1067 1059 vobis,
1089 999 1146 1046 re-

12 1075 15 1108 ²
39 1077 104 1143 nient
122 1077 196 1144 haec
217 1079 323 1144 omnia
345 1099 444 1166 super
464 1081 703 1164 generationem
724 1081 826 1146 istam.
880 1079 934 1148 37.
961 1081 1145 1164 Ierusalem,

39 1177 193 1260 luusalern,
214 1203 298 1270 quae
319 1179 441 1250 occidis
463 1181 655 1268 Prophetas,
678 1189 710 1248 et
729 1180 856 1268 lapidas
879 1203 953 1266 eos,
975 1185 1033 1272 qui
1053 1181 1096 1250 ad
1113 1191 1146 1250 te

38 1283 104 1349 uiui
121 1293 203 1350 sunta
234 1286 363 1372 quoties
385 1282 476 1349 volui
495 1303 692 1370 congregare
711 1283 801 1352 filios
822 1293 912 1368 tuos,
936 1287 1147 1374 quenadmo-

39 1379 93 1450 iun
118 1383 228 1474 gallina
256 1394 431 1474 congregat
456 1383 566 1474 pullos
599 1395 677 1452 suos
707 1385 769 1452 sub
799 1385 883 1470 alas,
914 1397 946 1455 et
976 1387 1146 1456 uoluistis?

38 1485 75 1554 33
95 1483 172 1554 Esse
189 1487 384 1576 relinquitur
404 1482 499 1556 vobis
523 1485 638 1556 domus
659 1496 766 1554 restra
787 1487 923 1558 deserta.
976 1489 1030 1556 39.
1057 1491 1145 1566 Dico

39 1590 101 1654 eain
124 1587 226 1670 robis,
260 1589 510 1678 haudquaquam
539 1587 690 1656 ridebitis
716 1611 769 1656 nse
793 1591 942 1680 posthac,
968 1590 1075 1660 donee
1095 1592 1146 1660 di·

39 1691 110 1770 atis,
128 1691 335 1774 Benedictus,
356 1694 411 1782 qui
432 1693 520 1759 venit
541 1693 575 1758 in
596 1693 727 1760 nomina
746 1689 891 1761 Domini}

99 1863 194 1936 Luc.
215 1863 271 1932 Xi.
319 1863 372 1932 at.
401 1863 474 1930 Vae
498 1861 609 1945 robis,
634 1865 711 1954 quia
736 1861 913 1932 aedificatis
940 1874 1147 1936 monumenta

38 1959 251 2052 Prophetarum
278 1967 389 2034 Patres
410 1976 516 2032 autern
535 1969 634 2034 vestri
656 1965 845 2068 occiqerunt
865 1967 950 2066 illos.
992 1968 1045 2036 48.
1069 1970 1148 2036 Pru-

38 2061 100 2132 tecto
123 2071 294 2149 tentamini,
327 2067 418 2158 quod
445 2069 662 2158 comprobatis
689 2068 773 2136 iacta
798 2079 923 2160 patrum
948 2079 1147 2139 vestrorunt

38 2173 159 2252 quonian
183 2170 234 2240 illi
263 2172 392 2259 quidem
420 2193 479 2240 eos
506 2171 707 2251 occiderunt,
738 2192 799 2238 vos
832 2181 937 2238 autern
967 2172 1147 2240 aedificatis

38 2287 124 2338 torun
143 2273 301 2364 sqrulaa.
352 2275 406 2340 49.
434 2275 607 2363 Propterea
629 2284 661 2340 et
681 2273 845 2363 Sapientia
865 2273 929 2340 Dei
951 2273 1043 2354 dixit,
1071 2276 1148 2342 Mit-

38 2377 82 2437 tau
100 2375 137 2444 ad
157 2377 232 2445 iilos
255 2377 436 2466 Prophetas
459 2385 491 2444 et
512 2377 702 2467 Apostolos,
724 2385 816 2445 etex
838 2375 905 2442 iliis
927 2375 1093 2459 occident,
1116 2385 1148 2445 et

38 2490 260 2567 persequentur,
306 2481 360 2546 30.
387 2479 434 2546 Ut
454 2483 635 2568 requiratur
657 2481 787 2568 sanguis
809 2479 951 2556 omnium
974 2479 1148 2569 Propheta-

37 2595 95 2660 Μ,
112 2585 164 2669 qtu'
178 2580 357 2650 effunditur
378 2603 398 2648 a
418 2585 647 2652 contitutione
661 2582 774 2649 muudi
795 2604 815 2649 a
835 2583 967 2648 natione
986 2584 1057 2663 ista,
1094 2584 1148 2660 ot,

37 2677 214 2774 Asanquine
236 2683 323 2752 tibet
350 2705 453 2774 usqne
479 2681 521 2751 ad
548 2687 736 2774 sanguinem
759 2685 945 2767 Zachariae,
974 2687 1030 2774 qui
1053 2687 1149 2775 periit

37 2781 100 2852 iuter
119 2787 214 2858 altare
237 2798 269 2854 et
290 2783 418 2856 sedens:
439 2785 587 2877 proiecto
610 2787 685 2858 dicu
707 2787 813 2870 vobis,
832 2791 1016 2878 requiretur
1032 2787 1150 2866 abbae

36 2889 150 2958 latione.
198 2891 286 2963 xm.
328 2891 383 2956 34.
405 2889 590 2971 ierusalem,
613 2890 798 2972 ierusalem,
819 2914 904 2981 quae
925 2891 1047 2959 occidis
1069 2893 1151 2959 Pre-

35 2987 136 3074 phetae,
168 3004 199 3062 et
227 2991 353 3081 lapidas
380 3013 456 3074 eos,
483 2995 540 3082 qui
566 2995 733 3060 mittuntur
759 2993 801 3061 ad
827 3004 871 3062 te:
905 2997 1032 3084 quoties
1061 2994 1151 3064 volui

35 3109 209 3184 wuqreqara
229 3095 318 3165 iiiios
340 3107 430 3176 tuos,
456 3095 726 3184 quenadmodum
747 3097 817 3164 avis
838 3093 951 3164 nidum
970 3117 1065 3164 suum
1085 3095 1150 3164 auh

35 3213 147 3278 petuas,
171 3207 203 3265 et
225 3199 397 3266 noluistis?
439 3198 492 3267 35.
521 3201 608 3268 Ecce
628 3199 820 3289 relinquitur
840 3197 935 3265 robis
957 3197 1073 3266 domtus
1094 3219 1151 3270 vce

34 3303 85 3362 ttra
104 3299 241 3369 deserta:
264 3299 340 3372 dico
361 3311 467 3370 auteur
488 3301 592 3385 vohis,
613 3301 704 3391 quod
724 3321 792 3369 non
806 3299 960 3370 ridebitis
977 3323 1028 3368 rue
1043 3298 1151 3369 donec

35 3405 139 3470 tuerit
157 3415 305 3492 tempus,
331 3425 431 3492 quuut
454 3403 581 3485 dicetis,
607 3401 818 3486 Benedictus,
844 3406 901 3494 qui
922 3407 1010 3471 verit
1036 3406 1071 3471 in
1091 3427 1155 3472 uo·

34 3501 103 3570 uine
121 3507 264 3574 Domini.
323 3509 377 3586 xl,
420 3507 473 3576 33.
501 3509 611 3596 Quum
634 3518 739 3574 autern
761 3507 842 3574 haee
863 3507 905 3574 ad
926 3506 1002 3574 iilos
1023 3506 1153 3590 diceret,

35 3620 189 3694 coeperunt
210 3609 404 3700 Legisperiti
427 3620 458 3678 et
479 3611 642 3678 Pharisaei
664 3613 804 3700 graviter
830 3611 993 3691 insistere,
1037 3620 1069 3678 et
1098 3631 1152 3679 ca·
1249 3689 1250 3718 ¹

34 3709 120 3790 piune
138 3713 339 3800 interrogare
361 3733 433 3780 euru
455 3713 497 3780 de
512 3715 628 3794 multis,
658 3715 711 3780 ot.
733 3713 926 3782 lusidiautes
942 3715 982 3794 ei,
1004 3723 1037 3780 et
1052 3734 1153 3802 quse·

34 3821 125 3880 rentes
145 3813 268 3906 aliquid
287 3817 399 3884 reneri
419 3835 458 3885 ex
482 3837 539 3886 ore
560 3818 645 3898 eius,
676 3835 743 3904 quo
764 3825 952 3884 accusarent
972 3837 1054 3902 eum,

95 4017 143 4080 33.
169 4019 250 4098 Quia
260 4019 431 4104 edificatis
513 4023 579 4090 iero
587 4019 696 4100 Propi.
719 4017 1041 4114 Falsoquidaruputaut,
1054 4039 1087 4090 re
1105 4040 1155 4082 re-

34 4083 106 4150 hffldi
121 4097 348 4176 mperstitiuneur
366 4097 397 4158 in
415 4097 470 4158 seri
492 4097 531 4174 is,
549 4097 629 4178 quod
648 4108 830 4177 praepostere
847 4095 1001 4180 ungaricis
1020 4116 1050 4158 se
1099 4095 1155 4162 tris

34 4181 156 4232 imunt
167 4185 295 4240 mortuus
309 4173 475 4256 Prophetae,
493 4173 578 4238 sicuti
596 4194 672 4236 uunc
688 4171 815 4254 Papistae
834 4174 973 4240 honorem
987 4171 1043 4233 Dei
1062 4183 1155 4234 usus-

35 4235 118 4309 feruut
135 4247 166 4308 iu
184 4247 307 4316 Sanetus
326 4263 471 4326 mortuos,
497 4249 556 4320 imo
579 4271 680 4312 eorum
703 4248 851 4313 simulacra
873 4265 1008 4329 perverse
1025 4247 1152 4310 adorant.

35 4313 856 4414 Nudmesproqrauiennteoeeiuusamenuae:
879 4323 1154 4408 quaaealiudsshri-
