2596 4840
146 937 407 1014 caluissmrs
434 906 637 1015 vnisse
665 949 927 1023 maomrrcrs
1068 991 1069 995 κ

437 1105 626 1162 DOMlNlS

30 1243 260 1324 tessulinus
296 1253 624 1352 SENATUSQUE
661 1259 908 1336 lNCLYTAE
949 1269 1094 1345 URBlS

336 1381 718 1456 FRANCFORDIAE

152 1546 469 1621 tollNNsss
517 1555 899 1664 CALYINUS.

28 1831 191 1965 Saturum
212 1903 365 1992 exempla
387 1903 427 1970 ad
449 1906 660 1971 imitationem
683 1915 825 1997 proponi
846 1933 989 1998 unquam
1011 1915 1091 1985 utile

26 1989 71 2068 lit,
88 2019 149 2082 quae
166 2006 259 2090 pigris
283 2017 318 2071 et
341 2003 438 2071 lentis
458 2005 513 2071 vel
533 2009 638 2073 minus
659 2019 791 2076 strenue
812 2013 1017 2083 currentibus
1038 2024 1092 2086 sti-

25 2091 98 2158 ralrn
109 2099 253 2184 adderent,
279 2107 361 2172 facit
375 2108 470 2174 buius
483 2112 715 2196 corruptissimi
736 2113 858 2177 saeculi
875 2134 943 2181 non
964 2121 1091 2204 ignavia

23 2193 88 2272 ¹⁰⁶⁰,
101 2201 145 2266 scd
156 2208 244 2272 etiam
257 2207 426 2288 socordia,
446 2219 482 2274 ut
501 2214 658 2275 maiorem
673 2210 837 2278 bominum
850 2225 983 2300 partem,
1005 2243 1089 2308 quae

25 2305 93 2374 ΨΜ
106 2319 159 2368 een
176 2307 404 2394 progreditur,
436 2312 515 2396 quin
536 2313 645 2397 potius
667 2313 859 2390 retrocedit,
879 2316 1008 2400 pudore
1029 2319 1090 2387 sal-

27 2403 62 2456 e·
76 2417 176 2470 muse
199 2411 240 2474 sit
268 2407 317 2472 ad
340 2407 484 2475 ollicium
506 2413 588 2498 cogi.
636 2409 763 2476 Omnes
784 2411 915 2497 quidem
942 2416 1091 2486 videmus

29 2503 47 2556 tl
59 2503 156 2580 pontiu
176 2517 208 2573 et
226 2505 366 2595 publice
388 2509 430 2575 ad
451 2532 582 2597 pravam
600 2509 851 2576 aemulationem
872 2514 1025 2595 intentos,
1046 2537 1089 2586 ne

25 2598 56 2657 ω’
72 2607 229 2675 muarcbae
264 2607 311 2675 ed
343 2611 573 2698 propagandos
594 2608 795 2697 quibuslibet
821 2611 928 2680 morlia
962 2618 1089 2704 imperii

21 2695 123 2768 tabes
143 2711 244 2776 uinus
267 2707 330 2776 vel
354 2713 495 2797 ingenii,
526 2709 583 2776 vel
603 2711 789 2790 industriae,
818 2713 873 2778 vel
906 2733 1089 2802 nervorum,

21 2793 51 2857 ul
64 2803 198 2888 nusae,
218 2831 321 2897 quum
342 2813 459 2876 vicinis
479 2822 655 2898 suppetere
677 2811 841 2878 videatur:
862 2835 905 2880 ue
926 2837 990 2903 qua
1013 2822 1090 2883 civi-

21 2902 98 2966 asset
122 2908 303 2995 respublica
337 2909 467 2976 laudem
496 2913 632 2979 astutiae
663 2921 695 2976 et
728 2917 914 2998 captionum
947 2921 1089 2984 omnium

21 2993 59 3062 ut
73 3009 217 3076 onena:
244 3031 293 3077 ue
313 3015 386 3098 quis
407 3015 493 3077 iuter
512 3011 661 3078 homines
682 3011 850 3079 ambitioni
874 3015 1003 3083 deditos
1023 3039 1091 3084 ma·

21 3091 142 3174 lautas
160 3111 198 3176 sit
218 3113 378 3178 inferiora
406 3111 550 3200 denique
579 3112 621 3179 erl
646 3115 726 3178 vitia
754 3118 898 3178 certatim
927 3115 983 3180 alii
1006 3117 1088 3184 alios

21 3205 171 3276 minuma
191 3215 439 3300 conspiratione
462 3212 587 3300 absque
607 3233 690 3279 voce
712 3235 748 3278 se
770 3215 914 3292 invitant,
934 3219 1031 3302 atque
1053 3225 1089 3283 ut
1190 3263 1191 3266 κ

21 3299 99 3388 tique
127 3315 264 3396 pessime
299 3333 335 3378 se
369 3317 452 3400 gerit
479 3317 644 3380 maximam
676 3309 803 3379 turbam
838 3333 899 3379 suo
938 3315 1086 3402 exemplo

21 3391 70 3464 lule
84 3415 277 3499 praecipitat:
304 3417 428 3480 interea
458 3417 491 3480 iu
522 3418 684 3480 communi
704 3415 855 3478 vitiorum
884 3435 986 3499 regno
1009 3439 1088 3502 pau·
1125 3489 1129 3496 ,

21 3495 83 3568 bini
104 3517 305 3598 reperiuntur
331 3525 420 3581 recte
443 3515 560 3600 agendi
583 3525 738 3580 auctores.
783 3514 862 3598 Quo
883 3514 992 3580 utilius
1015 3537 1086 3582 esse

21 3597 87 3680 “lb
104 3615 126 3673 ai
144 3614 176 3679 in
198 3615 380 3682 illustribus
402 3617 552 3704 personis
575 3618 718 3680 eminent
741 3635 831 3678 rarae
857 3617 1006 3694 virtutes,
1030 3623 1086 3682 ea's

21 3705 175 3798 'teologus
201 3719 296 3803 quasi
325 3715 422 3801 longe
447 3714 641 3801 spectandas
668 3715 702 3778 in
728 3711 866 3779 sublime
896 3714 1023 3793 ellerri,
1051 3725 1087 3782 ut

21 3797 160 3878 liuitmdi
179 3817 322 3883 studium
344 3817 435 3882 multi
455 3817 641 3881 excitemur.
684 3815 793 3900 Atque
814 3814 877 3879 boc
898 3816 974 3880 rnibl
995 3835 1088 3902 prae·

21 3897 67 3980 lle
82 3913 239 3982 consilium
262 3917 362 3984 luisse
380 3917 556 4005 profiteor,
580 3915 641 3980 viri
670 3914 868 4001 amplissimi,
900 3934 958 3980 cur
979 3934 1086 3982 meum

21 4013 60 4064 nc
74 4005 203 4082 laborem
231 4015 293 4084 sub
315 4021 455 4084 nominis
476 4019 577 4084 vestri
598 4019 809 4105 inscriptione
831 4018 865 4080 in
884 4013 990 4080 locem
1011 4035 1087 4100 pro·

21 4099 50 4162 '¹¹0
64 4109 173 4181 sellem.
215 4119 298 4184 Nam
327 4122 388 4184 etsi
414 4118 618 4204 praeclarum
638 4117 744 4184 officii
770 4119 835 4182 mei
856 4114 992 4181 fructum
1013 4115 1086 4180 lore

21 4197 89 4281 ἦα),
111 4219 214 4302 siqua
240 4217 326 4284 lorte
354 4219 502 4286 alacritas
530 4227 648 4306 sponte
670 4216 874 4284 currentibus
893 4215 973 4282 inde
997 4227 1087 4277 aese-

21 4291 276 4398 l¹·1taglstanreu
298 4319 381 4397 illud
404 4319 540 4388 alterum
561 4322 704 4408 respexi,
729 4329 765 4386 ut
784 4339 881 4406 pares
903 4316 959 4382 alii
979 4309 1088 4376 vobis·

794 4419 811 4458 ᾖ
