2502 4854
185 267 244 330 244
628 255 780 321 secuto
804 255 888 318 Vlll.

188 403 365 472 mreeundia
387 401 534 466 interdum
560 401 654 466 bonas
679 412 791 465 mentes
816 411 995 464 coonernat
1034 399 1136 478 Qoide
1194 399 1239 460 siin

187 481 264 542 festa
287 479 437 542 iracundia
462 479 611 561 principes
637 480 816 574 irrumpant,
846 491 877 538 et
900 479 1105 573 propemodum
1131 417 1239 566 bibinen

189 557 325 621 Christus
343 569 441 617 tamen
460 575 529 618 suos
549 573 612 616 esse
635 555 778 618 sollicitos
797 567 894 632 vetat,
919 577 986 646 qma
1006 555 1121 638 Spiritus
1137 551 1204 614 verba
1220 551 1239 610 ll

190 633 324 694 dictabit.
362 635 436 694 Nam
457 653 516 711 qno
537 632 661 712 quisque
684 633 774 714 magis
798 631 1006 693 imbecillrtatis
1025 651 1087 692 suae
1105 627 1239 716 ernstiusrl

190 707 308 784 diffidit,
328 728 365 771 eo
383 709 476 790 magis
496 707 635 787 trepidat,
654 709 711 769 nisi
730 709 847 770 aliunde
869 719 1017 787 exspectet
1035 707 1162 768 auxilinm.
1191 705 1239 762 Etn

190 785 292 878 demus
318 783 477 866 plerosque
500 783 571 844 ideo
596 783 739 860 delicere,
771 786 838 866 quia
856 784 966 846 viribus
996 783 1053 844 suis
1071 803 1137 864 quae
1161 798 1239 872 pergae

188 856 1239 1018 dettdistillent”lt‘nt‘ltlttt'tllttttt

210 1011 399 1084 nidyaleant
446 1022 477 1072 et
500 1011 537 1072 ab
562 1033 621 1073 una
645 1013 780 1074 eoelestis
806 1013 918 1096 gratiae
942 1013 1045 1075 fidncia
1070 1011 1180 1094 pendere
1199 1007 1239 1066 iubs

219 1109 258 1150 on
276 1088 316 1150 de
336 1089 401 1149 lacu
414 1098 474 1148 tate
504 1089 614 1168 inquit,
634 1101 729 1150 vestra
750 1088 797 1166 bie
816 1089 931 1172 egitur,
952 1091 1004 1151 sed
1024 1090 1062 1152 de
1078 1089 1185 1169 Spiritus
1198 1101 1239 1144 sant

188 1165 314 1240 vinno,
340 1166 391 1247 qur
415 1131 496 1225 nuel
1237 1233 1239 1246 ,

188 1261 223 1336 ac
244 1241 352 1322 dirigit.
391 1240 436 1301 Ae
462 1259 501 1300 ne
524 1242 672 1320 praesenti
695 1263 749 1302 auo
774 1243 892 1333 deieptn
915 1239 1239 1332 terreantur,.aurilinn1

186 1315 1239 1474 'sustitit‘ltfiff'lz't'ttl‘¹¹;¹lll‘·n⁵t:ttmtttttllll

187 1487 251 1532 non
271 1468 413 1550 postulet:
440 1468 493 1530 nbi
512 1481 611 1534 autem
631 1468 667 1529 ad
693 1471 783 1551 ipsam
810 1471 1013 1553 necessitatem
1033 1481 1142 1531 ventum
1160 1477 1202 1538 est,
1217 1461 1239 1542 pl

188 1565 277 1626 mam
297 1545 440 1616 iucundos
459 1544 566 1620 reddit,
586 1546 637 1625 qui
656 1547 737 1626 prius
756 1546 889 1629 elingues
907 1548 960 1608 visi
980 1546 1102 1607 luerent
1136 1543 1178 1602 Sic
1192 1547 1239 1598 nom

186 1631 324 1702 tempore
343 1621 484 1702 quosdam
502 1633 644 1702 martyres
663 1621 800 1694 vidimus,
824 1624 875 1716 put
894 1643 984 1704 quum
1005 1623 1069 1683 l'ere
1087 1619 1158 1682 bruti
1173 1617 1239 1702 luisset

209 1709 343 1778 estquam
362 1699 459 1772 norati
478 1709 547 1760 sunt
565 1698 602 1772 ad
614 1699 758 1772 edendam
777 1698 847 1759 fider
866 1699 1094 1776 confessionem,
1110 1709 1168 1778 apte
1183 1703 1239 1752 etro

186 1717 330 1854 ioquendi
344 1772 427 1833 dono
447 1794 540 1854 usque
558 1774 595 1833 ad
615 1775 788 1836 miraculum
800 1772 1009 1837 excelluerunt.
1048 1773 1137 1836 Porro
1153 1783 1239 1830 norm

496 1185 544 1226 um
570 1165 684 1247 linguas
703 1164 740 1226 ad
765 1187 868 1246 puram
887 1166 955 1227 fidei
975 1165 1174 1227 consessionem
1189 1161 1239 1218 loru

187 1870 258 1914 eura
276 1849 422 1910 vaearell
446 1849 559 1912 ustolos
578 1849 714 1912 Christus
738 1851 831 1912 voluit
876 1851 944 1932 quia
969 1849 1043 1912 u'tile
1066 1851 1126 1911 er'at
1145 1850 1239 1928 ipsese

187 1869 560 2020 apllin'toa,'nt·gpiritum
580 1925 662 1986 lllmn
682 1927 737 1987 sibi
758 1927 820 2018 dari
837 1893 977 2009 precibus
995 1929 1163 2022 flagitarent:
1179 1919 1239 1981 rede

185 2023 261 2064 aram
280 2001 512 2077 meditationem,
532 2022 639 2082 quase
658 2001 859 2084 utplunmum
880 2005 1014 2066 homines
1034 1989 1239 2086 smpetnnunl

187 2079 323 2140 eximere.
361 2079 437 2140 Nam
456 2079 526 2138 dum
545 2097 644 2139 seeum
665 2092 820 2160 quaerunt,
839 2080 910 2159 quid
932 2080 1063 2142 loturum
1081 2081 1125 2155 sit,
1144 2080 1164 2137 si
1179 2076 1239 2158 leet

186 2155 259 2216 illud
279 2154 450 2234 contingat,
479 2173 536 2216 nec
562 2155 737 2216 recumbunt
763 2157 792 2216 in
813 2157 871 2216 Dei
891 2156 1119 2236 providentiam,
1143 2145 1239 2212 niseni

186 2231 360 2312 quietudine
384 2231 548 2293 turbantur.
597 2231 638 2292 Et
663 2242 744 2294 eerte
771 2228 853 2315 digni
881 2244 950 2293 suut
981 2231 1124 2294 eiusmodi
1148 2241 1232 2289 romu

185 2311 355 2448 pulsusque
373 2305 453 2368 bunc
465 2307 617 2381 ,bonorem
637 2327 699 2370 non
717 2307 854 2371 tribuunt
864 2309 921 2370 Dei
937 2309 1145 2389 providentiae,
1160 2317 1205 2366 ute

208 2384 315 2447 eiectus
333 2393 504 2466 opportune
522 2395 681 2446 succurrat.

226 2641 308 2726 (86.)
350 2641 520 2710 ΜΑΤΤΗ.
539 2643 580 2710 X.
635 2646 686 2714 21.
721 2643 845 2732 Tradet
872 2656 979 2714 autem
1006 2647 1107 2714 frater
1129 2644 1226 2710 bouem

184 2751 330 2819 monem,
350 2754 383 2809 et
403 2753 497 2828 pater
516 2744 635 2826 filium,
655 2757 688 2812 et
709 2749 875 2834 insurgent
896 2747 960 2814 filii
980 2747 1133 2816 adversus
1149 2745 1237 2830 parent

185 2851 220 2907 et
239 2851 343 2908 morte
365 2841 510 2909 afficient
532 2864 605 2912 eos:
646 2847 697 2913 ἢ
722 2847 765 2914 Et
786 2851 876 2914 eritis
897 2851 992 2914 exosl‘
1007 2847 1152 2916 omnibns
1173 2823 1237 3014 putu]

183 2963 306 3015 nomen
324 2963 446 3010 meusne
465 2966 576 3014 verum
588 2948 645 3037 qui
664 2951 853 3016 sustinuerit
874 2971 978 3038 usque
1000 2951 1036 3016 in
1057 2949 1158 3028 finem,
1175 2943 1212 3008 hit
1235 3015 1236 3018 ,

180 3062 247 3108 eus
265 3041 332 3108 fise
380 3043 432 3112 23.
461 3045 573 3130 Qunam
593 3057 700 3116 eutem
728 3053 917 3137 persequuti
938 3072 997 3118 voe
1025 3050 1143 3118 luerint
1163 3047 1190 3108 in

184 3141 255 3222 buo,
274 3141 376 3230 fugite
397 3145 432 3210 in
451 3143 562 3210 aliem:
584 3167 678 3213 amen
701 3151 787 3214 enim
809 3148 1002 3229 dicovobin,
1023 3173 1093 3218 uon
1113 3029 1236 3320 perae÷

183 3245 296 3310 verilis
317 3251 430 3312 omnes
452 3247 596 3314 civitatee
616 3247 759 3330 Israelis,
790 3253 869 3338 quin
894 3252 959 3317 ium
979 3249 1085 3318 Filius
1105 3245 1218 3314 homnis

181 3347 275 3410 uerit
316 3345 368 3412 24
387 3343 465 3412 Non
487 3347 725 3435 estdisoipulus
743 3371 844 3436 supra
864 3353 1058 3436 magistrum,
1078 3368 1176 3438 neque
1189 3355 1235 3408 sen

181 3463 281 3528 sepse
308 3442 485 3511 Dominum
512 3465 613 3512 suum.
638 3449 715 3514 ¹25.
742 3449 873 3516 Sufficit
900 3450 1079 3540 discipulo,
1104 3463 1138 3516 ut
1158 3449 1191 3511 sit
1223 3441 1228 3456 ’

181 3543 332 3628 magister
357 3545 473 3632 ipsius,
512 3555 544 3613 et
571 3557 607 3614 ut
633 3567 745 3616 servus
770 3552 811 3616 sit
837 3552 921 3616 sicot
946 3551 1108 3620 Dominus
1140 3548 1227 3636 ipsius:

180 3643 286 3728 ipsum
309 3641 571 3728 patremfamilias
596 3661 798 3720 voraverunt
823 3649 1031 3737 Beelzebub,
1060 3662 1173 3741 quanto
1198 3663 1234 3732 ut

183 3738 379 3808 domestieos
399 3743 509 3812 illius?
1209 3739 1234 3939 'p

1197 3900 1209 3943 s

196 3925 199 3938 .
265 3871 366 3942 LUC.
387 3878 444 3944 vt
484 3879 536 3954 40.
556 3879 634 3948 Νοιι
647 3893 695 3950 est
708 3883 887 3972 dieeipulus
903 3908 1003 3973 snpra
1015 3889 1188 3974 magistrum

174 3973 358 4042 eoniormis
378 3987 486 4046 antem
508 3981 570 4046 erit
591 3985 696 4050 omnis
716 3989 869 4073 magistro
891 4009 962 4054 suo.

254 4129 360 4194 Manu.
378 4139 428 4201 21.
467 4135 583 4199 Μ
604 4154 699 4202 mrtem
713 4141 821 4225 svm
1020 4145 1150 4206 Primum
1167 4051 1233 4236 'dmi

177 4225 266 4344 'quem
285 4229 387 4292 graves
406 4231 565 4308 aerumpae
585 4235 637 4280 eos
656 4233 810 4314 maneant:
845 4222 939 4314 'elude
957 4221 1053 4284 addita
1073 4217 1174 4313 insigni
1191 4227 1232 4284 ⁶⁰⁰,

188 4295 289 4348 attone
305 4297 399 4350 totam
423 4291 614 4354 aeerbrtatem
640 4315 680 4354 rm
743 4309 763 4358 t.
801 4297 933 4360 Primum
957 4298 1125 4372 dennntrat,
1147 4295 1232 4374 quaet

175 4359 275 4426 wint
293 4381 357 4429 ene
376 4367 538 4450 praesidio,
562 4369 608 4434 sel
627 4371 738 4455 aliqud
757 4370 913 4442 levationis
931 4373 1057 4454 mene,
1078 4367 1232 4452 discipulel
