2502 4854
1054 213 1097 260 vn

23 347 60 430 qni
75 343 162 410 omnic
185 344 244 409 Dei
269 342 409 408 institute
436 343 506 410 suis
533 339 696 430 figmentis
723 339 999 412 adulterarem
1025 357 1099 414 sunt

21 466 92 532 cerii
138 462 198 531 lnc
225 472 286 530 tam
313 462 469 528 catholica
502 474 550 529 est
583 484 729 530 errorum
760 465 944 552 congeries,
978 465 1098 554 quibus

20 605 97 650 areu
117 581 154 648 ab
175 582 235 649 illis
254 583 315 650 fuit
335 593 401 650 tota
422 582 554 672 religio,
582 595 618 650 nt
638 582 829 652 obruendae
849 584 1100 674 perdendaequc

20 707 101 768 centes
124 703 275 770 Ecclesiae
301 703 472 771 sufficiant.
520 705 695 792 Nunquam
723 725 801 792 ergo
830 707 906 772 satis
932 706 1099 792 magnifice

20 827 169 908 promerito
193 827 373 890 immensam
402 826 466 890 Dei
491 823 667 892 bonitatem
695 825 848 894 extollere
876 825 1007 903 licebit,
1036 849 1099 914 que

20 945 159 1024 belnensi,
179 956 212 1011 nt
230 945 348 1012 abillo
371 943 487 1012 exitiali
509 949 634 1034 gurgite
655 945 842 1014 mirabiliter
862 950 976 1015 emersi
1004 948 1099 1014 fixam
1242 999 1244 1002 ψ

20 1061 140 1132 labemur
161 1069 191 1132 in
213 1065 317 1132 solida
338 1078 534 1154 aeternaque
551 1068 614 1132 Dei
638 1068 771 1136 veritate
792 1067 870 1136 fidei
891 1079 1021 1135 nostrae
1043 1089 1098 1135 an·

19 1205 93 1250 cna.
137 1189 176 1252 Et
207 1198 294 1254 certe
320 1191 476 1274 Papatnm
503 1187 585 1254 nihil
611 1187 699 1258 eliud
727 1211 823 1277 qnam
853 1201 1030 1256 monstrum
1059 1209 1099 1256 ex

19 1311 139 1372 enumeris
166 1309 302 1378 Satanae
330 1309 463 1374 fallaciis
494 1307 667 1374 conflatum
695 1331 779 1390 esse,
807 1319 839 1376 ct
865 1331 960 1398 quam
984 1309 1098 1387 obtan-

20 1421 64 1490 hnt
79 1427 237 1496 Bedesiam
265 1428 441 1517 Babylone
471 1432 570 1516 magis
599 1429 781 1511 confusam,
816 1451 902 1496 unus
923 1429 976 1494 hic
998 1430 1098 1498 Com·

25 1551 228 1631 interfecerit,
250 1563 287 1618 nt
309 1571 416 1639 spero,
437 1549 622 1616 luculentus
644 1549 744 1618 testis.
787 1551 911 1616 Interea
933 1547 1023 1638 quod
1045 1571 1098 1615 res

24 1663 83 1746 isle,
100 1671 229 1758 ingenue
251 1670 398 1746 fatebor,
422 1691 487 1736 nus
507 1667 549 1735 ab
572 1669 657 1736 illius
680 1670 813 1737 lacunae
834 1669 1000 1752 sordibus,
1022 1692 1098 1758 qua·

18 1801 56 1848 nn
73 1809 100 1854 re
123 1795 268 1881 contagio
291 1795 387 1860 nimia
409 1771 506 1878 longe
529 1789 692 1872 diffundit,
719 1811 787 1858 non
808 1794 885 1858 satis
908 1791 1025 1880 procul
1048 1789 1097 1858 di-

15 1914 72 1973 urc
95 1911 240 1998 Queritur
254 1913 478 1990 Antichristus,
500 1929 562 1977 nos
583 1908 644 1977 sibi
662 1911 791 2000 elapsos
813 1933 898 1979 esse:
920 1933 980 1980 nus
994 1923 1098 1978 autem

14 2045 97 2110 penem
115 2039 267 2122 cogimur,
292 2035 386 2100 nimis
413 2032 512 2098 multa
535 2053 575 2097 er
597 2035 696 2112 vitiis,
724 2033 843 2120 quibus
865 2031 977 2102 orbem
999 2045 1098 2100 terra-

14 2163 55 2211 uc
71 2151 172 2234 infecit,
193 2153 283 2243 apud
306 2175 367 2218 noe
391 2175 462 2219 esse
483 2152 622 2220 residua.
670 2152 777 2218 Nobis
799 2156 941 2220 restituta
964 2164 1012 2219 est
1034 2154 1099 2218 sin·

13 2286 57 2332 cm
75 2271 222 2342 doctrinae
249 2278 388 2364 puritas,
419 2277 540 2361 integra
568 2270 699 2359 religio,
731 2272 864 2360 simplex
889 2274 953 2338 Dei
983 2270 1097 2348 cultus,

14 2393 106 2468 maim
129 2395 406 2462 sacramentorum
434 2399 531 2474 ratio,
566 2393 670 2482 qualis
696 2415 715 2458 a
743 2391 874 2460 Christo
900 2392 1015 2459 tradita
1041 2403 1098 2458 est.

16 2507 95 2578 lcum
117 2520 287 2604 quominus
309 2517 414 2602 vigeat
441 2535 494 2596 ea,
523 2535 605 2603 quae
633 2512 774 2580 debehat
800 2533 925 2580 murum
952 2515 1100 2600 vitaeque

14 2639 136 2715 nuccio,
162 2639 242 2704 haec
265 2639 399 2704 maxime
427 2657 523 2702 cause
545 2645 608 2717 eat,
636 2632 725 2722 qnod
748 2633 836 2701 bunc
856 2653 948 2723 pare,
970 2631 1099 2700 effrenis
1230 2691 1234 2696 .

13 2747 65 2818 dns
86 2755 220 2825 tinentiae
250 2777 390 2836 metuar,
424 2777 489 2843 qna
516 2757 664 2844 Papiatae
696 2767 807 2822 uuntrc
835 2757 943 2822 Deum
969 2758 1100 2842 impune

13 2865 145 2957 licinium,
165 2880 291 2948 Christi
311 2881 388 2964 iugo
411 2897 597 2944 assuescere
618 2897 684 2941 nnn
706 2887 821 2963 potest.
868 2879 988 2966 ltaque,
1010 2873 1100 2964 qnod

12 2986 82 3060 instes
100 3003 208 3080 nostri,
243 3009 281 3066 ut
307 2996 386 3064 falsa
413 3019 474 3064 nos
503 2995 626 3064 invidia
658 2993 745 3085 apnd
770 2999 934 3086 imperitos
959 3004 1101 3083 gravent,

12 3107 87 3180 disse
104 3118 267 3200 damitant,
292 3118 428 3186 solutum
451 3140 470 3185 e
492 3117 588 3184 nobis
617 3138 689 3184 ease
710 3117 924 3206 disciplinam,
950 3118 1014 3182 hcc
1035 3137 1101 3182 uno

13 3227 100 3302 unde
117 3240 167 3306 vel
190 3239 290 3308 nubis
313 3238 492 3306 tacentibus
513 3238 672 3305 refellitur
692 3258 805 3303 eornm
826 3237 991 3316 calumnia,
1013 3235 1104 3322 quod

12 3349 93 3422 ”dim
111 3357 193 3428 domi
218 3364 322 3428 maius
349 3371 508 3428 certamen
530 3358 631 3425 nobis
659 3370 721 3438 est,
748 3379 844 3446 quam
867 3356 908 3422 de
930 3355 1101 3424 immodico

14 3479 143 3546 tumultis
165 3479 296 3569 quidem
319 3481 460 3564 videtur)
483 3489 596 3546 nosue
617 3482 733 3566 rigore.
776 3481 885 3566 Atqui,
908 3499 1006 3568 quum
1028 3478 1105 3543 mihi

10 3593 164 3688 collegisque
186 3605 266 3668 meis
290 3603 358 3666 sitis
381 3603 493 3688 optimi
514 3608 625 3677 testes,
651 3620 718 3666 non
745 3602 844 3686 magia
865 3608 1010 3665 austerus
1033 3619 1104 3664 esse

11 3725 49 3774 ⁸⁰³
69 3719 112 3785 rel
137 3726 316 3796 restrictos,
349 3741 445 3808 quarn
473 3719 591 3806 flagitat
622 3719 724 3785 officii
756 3724 929 3786 necessitas
956 3719 1105 3807 adeoque

11 3835 77 3911 sopit,
101 3841 187 3908 sicuti
215 3863 279 3908 nos
306 3850 376 3906 tuto
399 3841 432 3906 in
454 3842 669 3906 conscientiae
691 3850 815 3906 vestrae
836 3839 956 3906 iudicio
979 3841 1105 3926 acquie-

4 3953 104 4036 ,stiuam
129 3963 169 4028 ita
196 3963 347 4040 vicissim,
375 3981 469 4046 quarn
492 3959 625 4026 ridicula
648 3963 689 4026 sit
715 3961 811 4026 linc
802 3983 834 4026 ιιι
856 3973 945 4050 parte
966 3961 1105 4026 hottium

4 4062 178 4164 heudentia,
207 4093 358 4168 tanquam
387 4101 425 4144 ex
452 4100 488 4145 re
516 4084 676 4167 praesenti
707 4081 848 4146 iudicare
876 4078 971 4147 robis
997 4097 1105 4166 prom·

4 4200 70 4298 ptum
89 4211 139 4266 est
173 4203 271 4270 Nunc
294 4210 328 4267 nt
350 4201 496 4290 privatim
518 4200 560 4267 de
582 4223 632 4266 mc
654 4199 776 4289 aliquid
799 4197 915 4278 dicam,
937 4201 998 4264 etsi
1019 4217 1105 4262 com-

4 4305 121 4410 ptumum
145 4323 224 4388 meis
256 4323 397 4410 scriptis,
430 4320 568 4408 qualiter
595 4323 677 4388 hanc
702 4317 878 4387 Ecclesiam
907 4317 1106 4393 instituerim,
