2496 4852
353 127 484 190 omno
504 141 543 192 m
562 141 688 194 monce.
1029 140 1087 205 ιω

23 287 74 348 rqre
87 267 254 352 bbrpbnnias
272 271 444 352 prosiliunt:
474 275 530 336 uisi
557 273 746 360 obtemperat
769 274 846 338 rotis
870 273 997 368 nostris,
1019 295 1082 354 uon

23 358 115 432 uanus,
141 347 202 408 satis
226 367 287 410 erse
312 368 383 442 erga
406 371 461 418 nos
480 349 642 414 liberalem.
681 349 769 412 Multi
796 349 833 412 de
852 349 999 414 ineffabili
1021 355 1083 416 eius

23 423 143 484 condentia
163 423 329 506 arcanisque
352 424 465 491 iudiciis
495 427 543 492 vel
566 427 668 489 iocose
697 426 846 520 garriente
877 447 965 509 saepe
994 431 1081 492 etiarn

23 512 170 560 ιιιοιιιιιιιιιι
196 502 257 562 eius
284 523 395 564 nomen
425 503 462 566 ad
492 525 585 566 crassa
609 501 735 567 ludibria
760 502 921 584 abripitur:
953 504 1082 584 denique

23 597 49 636 ιιι
63 575 142 637 nundi
158 575 215 639 eius
232 579 417 641 sanctitatem
443 593 585 660 qnantum
610 583 641 641 in
666 601 697 642 ee
723 591 768 641 est
791 579 937 662 profanat.
978 580 1081 656 Quare

23 671 46 710 ar
63 652 147 712 uirum
164 665 220 731 est,
252 654 277 714 si
301 657 398 735 primo
423 655 493 722 loro
518 669 621 738 petere
646 657 798 730 iubemur,
827 667 862 718 ut
883 658 1080 720 reverentiam

23 727 80 786 talem
95 741 211 790 meretur
228 729 259 790 in
279 733 393 793 mundo
413 733 558 794 obtineat.
598 731 757 795 Caeterum
778 733 850 794 baec
870 749 932 794 non
948 733 999 794 nul
1022 734 1079 796 eris

23 803 94 884 ¹quatio
110 816 161 877 est,
178 806 256 901 quod
276 806 361 870 Deus
380 809 493 892 gloriae
511 830 582 872 suae
600 810 730 872 studium
751 807 837 870 nobis
856 753 1053 870 commendat.
1154 885 1159 897 Ι

53 885 87 944 tt
118 879 221 942 Vanae
243 905 367 959 mum
384 899 473 946 tuam.
512 885 691 966 Quanquam
710 884 833 946 verbum
852 903 990 967 graecum
1009 887 1078 948 sim·

23 951 105 1026 best,
130 977 224 1020 sensus
252 971 354 1022 tamen
384 961 518 1024 manebit
547 964 681 1044 integer,
713 961 737 1026 si
767 960 898 1044 legamus
921 961 1077 1038 Adveniet,
1164 979 1166 982 ·

23 1031 189 1094 ιιιάιιιοάιιιιι
208 1048 292 1100 vetus
313 1037 459 1120 interpres
479 1038 616 1100 reddidit.
655 1037 756 1100 Primo
769 1049 867 1100 nutem
882 1038 1012 1110 tenenda
1033 1050 1077 1100 ert

23 1103 89 1166 tato
110 1110 184 1190 regni
202 1111 271 1172 Dei.
310 1112 452 1190 Regum
470 1116 549 1176 enim
575 1113 683 1176 dicitur
707 1115 787 1176 inter
810 1115 960 1189 homines,
986 1135 1076 1208 quum

23 1201 60 1240 me
75 1205 114 1244 sua
134 1186 184 1246 sub
209 1187 240 1248 iu
262 1209 314 1251 um
339 1191 471 1268 redacta,
501 1201 532 1254 et
557 1191 616 1252 suis
641 1189 847 1272 cupiditatibus
871 1190 969 1252 valere
992 1192 1076 1254 ruetis

23 1255 200 1340 lreregendos
258 1278 308 1330 tro
334 1267 477 1329 addicunt
499 1278 530 1331 et
552 1267 683 1330 tradunt.
720 1268 796 1328 Nam
819 1267 851 1328 in
877 1267 929 1330 bac
953 1280 1075 1331 naturae

23 1333 135 1422 eruptione
156 1357 261 1404 omnes
286 1343 384 1404 nostri
407 1343 532 1406 allectus
559 1344 689 1406 totidem
712 1354 781 1404 sunt
803 1343 931 1404 Satanae
955 1343 1073 1419 milites,

23 1407 83 1482 alei
96 1413 210 1476 institiae
228 1417 390 1496 resistunt,
414 1433 445 1482 et
469 1421 510 1485 ita
534 1440 660 1502 regnum
681 1419 742 1480 eius
760 1419 927 1499 impediunt
944 1419 991 1480 vel
1010 1431 1074 1480 tur-

23 1495 59 1568 ttl
78 1487 158 1574 Quare
177 1491 230 1554 bac
249 1497 426 1574 precatione
445 1508 600 1578 optamus,
624 1508 658 1556 ut
681 1494 804 1557 sublatis
822 1495 959 1557 omuibus
977 1495 1073 1578 inape-

23 1557 148 1650 lnntprnb
166 1567 325 1648 imperium
344 1595 429 1637 sunm
448 1573 565 1655 redigat
583 1583 707 1635 cunctos
725 1571 879 1647 mortales,
903 1591 1015 1650 eosque
1038 1573 1075 1636 ad

23 1635 158 1728 *timpum
175 1645 252 1708 ritae
273 1647 410 1712 coelestis
429 1649 563 1712 adducat
602 1649 670 1712 Hoc
688 1659 788 1710 autern
813 1648 846 1708 fit
865 1648 971 1729 partim
990 1648 1073 1713 verbi

23 1712 169 1796 utlcmone,
189 1725 306 1812 partim
331 1747 436 1794 arcana
454 1727 563 1788 virtute
582 1724 720 1806 Spiritus.
759 1723 863 1786 Verbo
887 1743 942 1786 suo
961 1723 1072 1818 guber-

23 1791 101 1873 tffinlt
123 1791 270 1876 homines,
301 1801 355 1862 sed
380 1803 448 1882 quin
473 1801 551 1865 unda
575 1821 646 1877 vox,
665 1802 721 1862 nisi
745 1799 865 1862 accedat
881 1800 1010 1864 ,interior
1029 1801 1071 1864 vis

23 1877 93 1941 putu,
111 1891 193 1950 nsque
211 1875 245 1936 in
271 1877 366 1939 corda
380 1899 445 1948 ,non
471 1889 623 1959 penetret,
649 1877 792 1959 coniungi
808 1889 966 1956 utrumque
985 1877 1071 1938 simul

23 1951 85 2015 limi
99 1957 126 2006 ut
139 1949 303 2014 stabiliatur
314 1953 374 2014 Ilei
393 1975 528 2036 regnum.
558 1955 721 2014 Precamur
739 1971 824 2036 ergo,
844 1965 879 2012 ut
896 1974 977 2014 suam
988 1953 1070 2016 Deus

23 2023 118 2080 tbetelem
134 2041 240 2088 exserat
258 2040 322 2090 tam
342 2031 445 2092 Verbo
466 2053 551 2111 quarn
572 2030 703 2110 Spiritu,
722 2042 756 2090 ut
775 2050 807 2090 sc
826 2028 869 2092 illi
888 2029 975 2091 ultro.
989 2041 1069 2092 totus

23 2091 80 2153 ”lit
92 2096 219 2186 uitiosa
257 2103 368 2188 Regno
381 2108 439 2168 Dei
450 2110 614 2188 opponitur
633 2107 730 2168 omnis
750 2105 848 2168 ἀταξία
867 2117 897 2167 et
916 2107 1068 2172 conlusio:

23 2179 135 2257 illitum
153 2181 310 2260 quicquam
329 2182 499 2244 ordinatum
520 2183 614 2244 estin
633 2181 757 2257 mundo,
777 2182 833 2244 nisi
853 2200 944 2261 quum
963 2182 1068 2242 mode-

23 2251 106 2382 lifyptt
120 2273 201 2316 nanu
218 2277 271 2320 sua
292 2259 414 2322 consilia
434 2271 465 2320 ct
483 2259 614 2322 allectus.
653 2259 733 2319 llinc
753 2257 935 2339 colligimus,
954 2259 1068 2318 initium

23 2331 54 2406 ξω
87 2325 107 2384 ti
124 2329 151 2390 in
168 2332 254 2394 uobis
279 2354 344 2397 esse
363 2335 471 2397 veteris
490 2335 617 2397 bominis
636 2334 788 2396 interitum
809 2345 841 2393 et
859 2334 954 2393 nostri
974 2333 1067 2394 abne-

23 2401 106 2474 ttoren,
122 2416 151 2466 ut
166 2429 346 2472 renovemur
364 2411 395 2472 in
415 2411 499 2472 aliam
516 2414 616 2474 vitam.
655 2413 767 2472 Verum
786 2407 845 2472 alio
866 2409 956 2470 etiam
975 2409 1067 2470 modo

23 2483 66 2555 itii
78 2475 154 2568 litor,
174 2485 243 2546 dum
265 2487 365 2550 hostes
382 2509 453 2550 suos
472 2488 651 2568 prosternit,
671 2499 701 2548 et
720 2508 787 2548 cum
807 2485 915 2546 Sataua
934 2485 1067 2566 ipsorum

23 2560 62 2620 nte
82 2569 168 2620 invitm
196 2564 308 2656 redigit
332 2565 386 2626 sub
413 2577 590 2644 potestatem
614 2585 714 2640 suam,
744 2561 840 2624 donee
864 2563 937 2624 liant
961 2581 1065 2624 omnes

23 2618 44 2676 'l
69 2650 103 2687 ΙΝ
122 2635 220 2710 pedum
253 2661 328 2702 erus.
368 2641 474 2716 Quare
494 2662 606 2702 summe
631 2641 715 2702 buius
741 2639 918 2720 precationis
942 2652 1002 2714 est,
1031 2649 1064 2700 ut

23 2703 124 2796 “litfld
144 2715 184 2774 aui
206 2715 273 2777 luce
300 2719 443 2778 mundum
465 2717 603 2793 irradiet,
626 2718 752 2798 Spiritus
776 2716 822 2778 rui
848 2716 950 2778 afflatu
974 2716 1064 2778 corda

23 2787 111 2872 “litu
135 2787 308 2884 obsequium
331 2793 458 2855 iustitiae
482 2815 566 2867 suae,
596 2793 738 2874 quicquid
770 2805 814 2854 est
839 2793 1005 2874 dissipatum
1031 2795 1062 2852 in

23 2861 50 2934 Ῥ
68 2875 109 2918 ⁸⁸ss
124 2867 253 2946 auspiciis
272 2872 303 2930 in
323 2870 457 2932 ordinem
477 2869 621 2930 restituat.
648 2868 808 2930 Exordium
826 2889 898 2932 vero
919 2869 1065 2952 regnandi

23 2935 70 2988 Νι
87 2937 233 3030 subigendis
263 2948 358 3008 carnis
382 2959 500 3008 nostrae
529 2946 745 3026 cupiditatibus.
795 2945 858 3006 Iam
882 2964 968 3021 vero,
994 2947 1064 3026 quia

23 3013 79 3076 mon
95 3011 141 3076 Der
164 3040 215 3098 per
238 3022 402 3085 continuos
428 3043 601 3104 progressus
627 3034 753 3104 augetur
775 3043 808 3082 us
831 3042 868 3082 ue
891 3023 928 3082 ad
958 3021 1062 3082 mundi

23 3089 65 3168 ’ἦ
77 3105 171 3175 ttttsae
189 3109 234 3160 est
254 3099 389 3179 quotidie
409 3112 513 3180 optare
534 3102 595 3160 eiua
614 3099 779 3162 adventum.
810 3043 963 3172 Quantum
983 3098 1062 3158 enirn

23 3167 102 3226 tantu
115 3185 252 3248 gracatm
271 3178 301 3237 in
321 3177 444 3252 mundo,
464 3175 638 3240 tantundem
661 3173 744 3234 abest
761 3193 885 3257 regnum
896 3173 964 3244 Dei,
977 3171 1062 3250 ¹quod

23 3239 65 3288 tm
82 3239 152 3308 aliert
176 3248 290 3328 plenam
315 3253 534 3314 rectitudinem.
572 3253 645 3312 Fan
672 3249 804 3310 voluntas
831 3263 891 3308 tun.
930 3248 1061 3309 Tametsi

23 3317 78 3370 ”il
90 3337 115 3378 tt
129 3323 245 3404 simplex
262 3329 321 3389 Dei
340 3330 492 3403 voluutas,
509 3329 592 3420 quod
613 3328 648 3390 ad
669 3327 763 3407 ipsum
781 3335 908 3408 spectat,
927 3323 1061 3388 bifariam

23 3395 62 3442 Νι
79 3394 146 3460 nobis
164 3401 195 3462 iu
217 3403 379 3484 Scripturis
404 3415 592 3486 proponitur.
638 3402 757 3464 Dicitur
787 3403 866 3462 cuim
892 3402 957 3463 fieri
981 3401 1061 3493 quod

23 3459 46 3512 *⁰
60 3463 151 3549 pltcuit,
171 3501 260 3569 quum
284 3503 390 3544 arcana
416 3481 621 3564 providentiae
645 3499 714 3552 cuae
735 3478 853 3540 decreta
883 3490 1060 3566 exsequitur,

23 3543 46 3588 ret
56 3555 230 3616 contumaciter
248 3557 280 3618 in
298 3558 447 3620 adversam
488 3569 581 3620 artem
600 3557 733 3618 nitantur
748 3556 893 3618 homines.
932 3555 993 3614 Sed
1013 3553 1061 3615 bac

47 3621 139 3686 fludio
155 3633 243 3696 modo
262 3635 388 3714 precari,
408 3647 442 3696 ut
460 3579 511 3696 iat
530 3635 593 3696 eius
612 3633 762 3694 voluntas:
781 3651 889 3711 nempe
901 3643 934 3692 ut
946 3629 1061 3711 placide

23 3685 110 3772 idq„
128 3711 311 3792 repugnantia
336 3711 378 3770 illi
403 3711 615 3791 obtemperent
639 3729 742 3770 omues
767 3720 926 3770 creaturae.
966 3706 1060 3782 Quod

23 3773 325 3886 {temperationemque
350 3786 460 3868 liquet:
488 3809 554 3848 nana
578 3787 663 3850 sicuti
694 3785 814 3878 angelos
834 3795 951 3866 praesto
970 3784 1061 3844 babet

38 3855 103 3908 ΜΝ
117 3861 238 3925 mandata
254 3865 351 3943 (unde
377 3877 408 3926 et
430 3864 556 3926 ministri
574 3873 718 3926 vocantur
742 3884 772 3924 m
797 3861 858 3922 eius
883 3860 1059 3939 obsequium

23 3921 76 4004 'li'
85 3935 178 4016 limi),
194 3939 234 4000 ita
253 3941 388 4020 cupimus
408 3960 511 4003 omnes
530 3940 683 4004 hominum
702 3936 866 3999 voluntates
885 3936 1008 4000 formari
1027 3936 1059 3996 iu

23 4003 45 4044 u
57 4006 148 4086 'limite
164 4014 218 4080 llei
236 4038 429 4090 consensum,
451 4028 486 4080 ut
505 4027 615 4098 sponte
633 4017 789 4080 ilectantur
827 4032 987 4092 uocuuque
1007 4011 1059 4099 ille

23 4077 99 4160 ''lill-
128 4083 171 4150 lat
188 4093 303 4174 quidem
324 4093 383 4156 boc
423 4095 482 4155 inm
503 4105 621 4169 votum,
640 4093 692 4153 ubi
711 4114 766 4154 aros
785 4113 818 4153 su
842 4090 981 4155 mittimus
999 4086 1060 4174 Der

40 4153 93 4232 '¹9⁰2
110 4161 214 4247 ‘ltaque
238 4169 349 4252 placitis
375 4117 674 4243 subcenturionem
698 4167 772 4230 baec
797 4167 928 4257 precatio
948 4159 1057 4240 aliquid

23 4219 221 4324 libensque,
245 4268 354 4335 nempe
378 4259 412 4312 ut
435 4246 648 4314 uenatorio
672 4248 754 4312 onnt
778 4243 932 4334 bominum
951 4246 1060 4300 contu·
