2678 4860
243 265 316 345 (ut
333 293 369 314 ··
387 269 433 330 tlt
470 265 605 330 ttrleru
625 267 784 351 reputem
807 271 967 353 dmm)
1113 281 1175 348 nr

35 415 171 492 delae,
191 417 342 484 etaltera
362 419 482 499 Moris,
512 430 548 486 nt
568 419 715 488 viderent
736 423 928 511 sepulcrum.
969 425 1003 494 2.
1022 427 1068 498 Er
1086 451 1171 515 mne,

35 529 269 587 terraemotus
291 522 393 588 lnctns
424 532 472 588 est
498 543 641 610 magnus.
689 525 833 612 Angelus
855 529 1095 600 enimIlnrnini
1116 535 1172 604 de.

32 623 163 688 scendit
186 623 227 690 de
249 623 357 704 coelo,
380 636 411 691 et
433 625 588 692 accedens
612 625 754 692 devolvit
776 627 915 715 lapidem
937 628 979 698 nb
1000 637 1101 718 ostio,
1120 661 1171 710 se-

32 725 198 812 debatque
225 747 324 814 snper
356 748 437 794 enm.
501 729 532 794 3.
561 730 638 794 Erat
665 739 771 796 sutem
803 739 950 818 aspectus
986 736 1056 802 eius
1086 743 1172 812 sicut

31 828 158 916 fulgur,
181 836 213 894 et
233 831 455 896 vestimentum
478 831 548 896 sius
569 828 740 896 candidum
762 832 846 896 sicut
866 833 930 899 nix.
974 835 1004 903 4.
1027 837 1109 908 Prse
1130 847 1170 914 ri.

29 955 126 1000 more
147 941 251 998 sulem
273 933 342 998 eius
364 934 515 1000 concussi
536 944 611 999 sunt
632 932 802 1013 custodes,
836 943 868 1000 et
887 933 963 1004 lecti
984 953 1059 1008 sunt
1080 945 1170 1021 velut

29 1037 162 1101 mortui.
205 1035 236 1100 5.
257 1035 472 1123 Respondeas
493 1045 600 1102 sutem
621 1034 755 1122 angelus
777 1034 856 1102 dixit
877 1037 1077 1126 mulieribus,
1098 1049 1170 1118 Noc

29 1137 88 1204 lite
111 1139 221 1202 timere
242 1157 317 1202 vos:
356 1140 427 1206 scio
449 1138 547 1216 enim,
583 1137 673 1226 quod
694 1139 819 1214 lesum,
840 1141 896 1226 qui
918 1144 1089 1214 crucifixus
1111 1161 1169 1240 est,

28 1241 197 1327 quaeritis.
240 1237 272 1308 6.
293 1239 371 1306 Non
392 1252 439 1308 est
461 1241 526 1306 iric:
549 1235 685 1306 surrexit
707 1241 805 1320 enim,
827 1243 910 1309 sicut
931 1241 1022 1314 disits
1049 1253 1167 1336 venite,

26 1344 140 1408 ridete
161 1341 282 1421 locum,
303 1340 360 1407 nbi
382 1344 506 1430 positus
526 1353 595 1409 erat
614 1342 786 1410 Dominus.
851 1343 883 1408 7.
903 1344 946 1410 Et
966 1349 1031 1416 cito
1053 1365 1167 1424 sontes

27 1445 130 1512 dicite
153 1443 323 1534 discipulis
343 1447 421 1524 eins,
444 1444 533 1532 quod
556 1447 731 1512 surrexit-a
752 1445 902 1512 mortuise
923 1455 955 1512 et
976 1470 1052 1520 eccs
1071 1479 1168 1545 prae.

25 1547 118 1614 cedit
139 1567 201 1614 vor
221 1548 258 1614 in
278 1543 467 1616 Galilnenme
487 1545 537 1614 ibi
557 1568 631 1616 enm
651 1543 811 1626 ridebitis,
832 1568 907 1614 ecce
931 1547 996 1618 disi
1016 1555 1122 1626 vesu.

115 1783 259 1852 MARC-
277 1785 370 1852 XVI.
414 1785 444 1852 l.
465 1785 510 1854 Et
529 1805 629 1873 quum
650 1781 856 1872 praeterisset
877 1781 1067 1865 Ssbbstum,
1091 1785 1166 1856 tna·

23 1891 74 1954 ris
99 1883 307 1972 unguerem,
329 1897 361 1952 et
381 1885 489 1954 llrris
509 1885 620 1954 lrcnbi
641 1897 675 1952 et
697 1885 827 1952 Selome
847 1898 994 1955 emerunt
1013 1899 1166 1972 arom

24 2003 60 2058 ut
89 1991 237 2056 venirent
264 1997 478 2076 etungerent
504 2013 587 2058 eum.
637 1989 669 2056 2.
691 1989 737 2054 Et
755 2009 881 2057 summo
903 1987 1048 2058 diluculo
1070 1993 1166 2082 primi

21 2095 97 2162 diei
122 2091 340 2160 &otum
368 2094 502 2160 veniunt
530 2091 573 2158 ed
603 2100 844 2158 mouumentum
872 2103 985 2162 exorto
1012 2091 1094 2160 sole.
1133 2093 1165 2162 3.

20 2193 256 2282 llicelrrntque
288 2196 373 2259 inter
402 2215 490 2274 sese,
534 2193 620 2282 Quis
646 2192 793 2259 revolvet
822 2190 920 2259 nobis
950 2193 1090 2282 lapidem
1121 2186 1165 2263 stt

19 2302 115 2370 ostio
143 2298 357 2378 monunculi?
400 2295 500 2378 ntis
525 2317 625 2384 quum
652 2295 879 2383 respexissent,
917 2293 1044 2377 vident,
1067 2293 1166 2384 ¹'quod

20 2399 198 2470 molestus
218 2408 304 2466 creet
324 2397 419 2488 lspiu
439 2419 521 2464 nem
534 2407 605 2464 eret
622 2418 757 2484 magnus
778 2395 881 2468 valde
924 2395 956 2464 o.
978 2397 1021 2466 Et
1040 2399 1165 2486 ingres-

19 2527 82 2572 sse
106 2505 141 2569 in
163 2511 401 2567 monumentum
422 2500 573 2590 viderunt
598 2499 836 2568 adolescentem
864 2495 1026 2566 sedentem
1049 2521 1067 2566 s
1089 2499 1167 2566 der·

20 2611 103 2686 tris,
128 2606 277 2673 amictum
299 2602 383 2672 stols
403 2601 553 2672 candida:
584 2611 616 2670 et
642 2609 848 2689 expaverunt.
892 2599 922 2667 6.
943 2601 989 2668 Ar
1008 2599 1065 2669 ille
1087 2599 1166 2679 dicit

18 2714 95 2788 eis,
131 2707 184 2772 Ne
204 2709 433 2796 expes-restis:
468 2707 575 2772 lesem
596 2706 749 2794 quaritie
770 2703 990 2785 Nazarenum,
1026 2705 1085 2792 qui
1103 2704 1166 2774 tute

18 2807 218 2879 crucifixus:
251 2809 395 2888 surrexit,
416 2827 482 2874 non
506 2819 555 2873 est
576 2808 642 2872 lric:
680 2825 757 2874 ecce
777 2805 886 2886 locus,
909 2805 967 2872 ubi
987 2815 1165 2896 poscerent

16 2915 128 2984 illum.
171 2909 202 2978 7.
224 2909 291 2980 Sed
316 2907 419 2992 abite,
449 2907 546 2986 dicite
574 2905 744 2998 discipulis
774 2910 844 2976 eius
866 2916 897 2977 et
922 2907 1036 2990 Petro,
1072 2907 1164 2998 qnod

15 3019 81 3084 ille
104 3014 269 3104 praeeedit
290 3033 351 3081 vor
371 3016 407 3082 in
428 3012 618 3082 ornum
638 3009 715 3078 illio
730 3031 804 3078 cu
823 3009 989 3094 ridebitis,
1008 3013 1094 3080 sient
1113 3010 1165 3083 di·

14 3125 66 3190 xit
92 3114 200 3184 vobis.

112 3334 212 3405 LUC.
231 3335 347 3404 xxtv.
391 3334 421 3404 l.
443 3333 551 3402 Primo
571 3341 676 3400 sutem
699 3329 979 3399 dieSsblsstnrnn
997 3329 1166 3420 profundo

13 3437 176 3512 dilnurlo
197 3445 354 3508 venerunt
380 3437 421 3506 sd
448 3445 701 3516 monumentum,
736 3443 902 3526 portantes
927 3455 1011 3524 quse
1033 3453 1166 3524 pernre-

12 3557 100 3614 rnnt
122 3553 281 3621 eroum,
308 3551 340 3607 ct
365 3540 544 3610 nmnullse
565 3562 639 3606 cren
664 3539 739 3606 illis.
781 3537 1039 3624 ntteperemnt
1057 3547 1164 3606 entem

11 3645 168 3737 lapidem
187 3643 367 3712 revolutum
390 3667 408 3711 s
430 3651 649 3712 monumento.
686 3642 718 3707 3.
740 3641 783 3708 Et
804 3641 968 3726 ingressae
987 3659 1056 3707 non
1076 3641 1166 3706 invo-

11 3759 149 3820 nernnt
172 3770 293 3836 corpus
314 3748 451 3818 Domini
469 3747 554 3814 lesu.
605 3745 636 3814 d.
656 3745 700 3812 Et
719 3743 838 3810 lactum
860 3751 923 3822 est,
956 3739 1033 3808 dum
1060 3751 1166 3810 mente

11 3859 256 3922 mumolus
272 3861 379 3918 cuent
397 3851 439 3916 de
455 3851 526 3930 leot,
547 3869 623 3916 once
640 3847 709 3914 dno
727 3847 789 3913 viri
807 3855 964 3914 stelenum
982 3847 1069 3912 inste
1090 3843 1166 3912 illes

11 3963 53 4024 in
88 3951 237 4020 vestibus
265 3951 511 4040 fulgurantibus.
560 3951 590 4016 t.
621 3949 731 4038 Quum
759 3957 864 4015 sutem
892 3957 999 4014 essent
1030 3965 1166 4035 expsec-

11 4061 147 4136 tame.
177 4067 211 4127 et
235 4055 428 4133 inclinarent
450 4055 573 4122 vultum
605 4055 642 4120 in
673 4059 804 4130 terram,
840 4047 987 4117 dixerunt
1014 4047 1055 4116 nd
1081 4047 1167 4126 illos,

11 4157 122 4250 Quid
145 4162 299 4246 qneertrte
320 4161 478 4228 ruem
499 4179 572 4224 cnm
594 4158 747 4225 mortuis?
788 4152 819 4219 6.
840 4152 920 4220 Non
941 4161 989 4218 en
1009 4152 1077 4230 lsic,
1106 4148 1167 4220 eet

11 4263 182 4330 surrexit:
204 4260 434 4343 recordamini,
455 4271 492 4327 nt
512 4258 627 4328 dixerit
646 4257 757 4340 robis,
778 4277 877 4346 quum
899 4253 1003 4320 sdlrnc
1024 4263 1109 4320 essct
1129 4254 1165 4321 ln

11 4363 193 4445 Galilaea,
236 4365 269 4432 7.
288 4365 427 4448 Dicens,
457 4359 548 4452 qood
576 4370 744 4451 oporteret
767 4357 885 4428 Filium
914 4357 1052 4429 hominis
1080 4353 1165 4424 trsdi

887 4471 926 4528 25
939 4470 959 4512 e
