2568 4848
94 237 135 300 n
290 225 442 294 secato
462 225 519 290 m
557 227 633 290 taso
653 241 801 290 saram
820 245 863 294 nr
881 243 1050 294 1111111111.

399 433 642 534 SE'CTIO
673 446 746 535 ΙΙΙ.
774 463 924 536 (ιι-11)

329 629 428 684 IESU
460 631 659 686 NATALES
692 631 746 686 ET
779 629 995 686 tnran'rtn.

140 789 219 869 (11.)
260 783 434 850 ΜΑΤΊἮ.
453 783 476 849 1.
520 783 551 849 1.
579 783 681 851 Liber
701 787 920 872 generationis
941 787 1014 850 lesu
1026 781 1159 850 Christi
1190 785 1272 852 filii

95 888 217 965 David,
235 885 295 952 filii
306 883 480 950 Abraham.
521 885 552 950 2.
574 884 738 952 Abraham
752 897 858 952 autem
871 887 983 974 genuit
1005 887 1105 952 isaac.
1151 887 1272 954 Isaac

96 1001 203 1056 antem
228 989 340 1074 genuit
366 983 475 1050 Iacob.
517 983 617 1051 laooh
646 999 754 1051 entem
780 989 892 1073 gennit
915 987 1026 1052 tudam
1054 997 1087 1050 et
1118 986 1271 1054 tratres

96 1095 175 1157 eins.
215 1090 246 1154 31
278 1085 373 1152 ludas
408 1095 514 1150 autem
549 1088 661 1172 gennit
689 1087 812 1153 Pharas
842 1096 874 1152 et
895 1089 1009 1151 Zaram
1037 1107 1056 1151 e
1081 1087 1270 1156 Thamar.

94 1189 218 1258 Pharas
250 1197 357 1254 entem
388 1189 500 1271 genuit
532 1185 652 1254 Esron.
706 1187 814 1253 Esron
848 1197 953 1252 autem
983 1189 1093 1274 genuit
1128 1189 1268 1258 Aram.

94 1293 242 1360 noram
269 1299 376 1352 autem
406 1288 517 1371 genuit
538 1284 731 1352 Aminadab.
773 1287 957 1353 Aminadab
985 1299 1091 1353 entem
1123 1295 1267 1374 genuit

94 1393 254 1459 Naesson.
295 1387 446 1453 Naasson
469 1397 575 1450 autern
597 1389 709 1472 gennit
730 1385 872 1453 Salmon.
914 1389 943 1452 5.
966 1388 1101 1454 salmon
1127 1401 1265 1458 autern

95 1493 207 1582 genuit
231 1488 321 1556 Boas
351 1509 369 1554 e
395 1483 539 1552 Raohab.
587 1485 676 1552 Boas
704 1497 811 1552 autern
839 1491 950 1574 genuit
969 1487 1072 1554 Obed
1092 1512 1114 1556 e
1138 1491 1265 1562 Ruth.

95 1591 197 1660 Obed
209 1601 315 1656 antem
335 1587 554 1676 genuitlease.
585 1587 616 1652 6.
637 1589 725 1654 lesse
739 1599 846 1654 antem
867 1591 979 1673 genuit
988 1589 1099 1656 David
1114 1613 1264 1678 regen

94 1691 204 1759 David
228 1700 335 1754 antem
346 1709 403 1753 rex
421 1691 532 1774 genuit
543 1685 751 1753 Salomonem
767 1709 805 1753 ex
827 1709 875 1766 ea,
896 1709 980 1774 qnae
1002 1689 1111 1756 inerat
1121 1697 1262 1778 (uxor)

94 1797 206 1862 Uriae,
228 1793 256 1856 7.
271 1785 824 1874 SalomonautemgennitRoboam.
846 1787 1260 1878 Roboamautemgenuit

94 1896 189 1964 Abia.
216 1891 301 1957 Abia
315 1900 422 1956 antem
435 1890 547 1975 genuit
567 1889 641 1954 Asa.
681 1889 712 1954 8.
732 1890 799 1953 Asa
819 1899 926 1954 autem
938 1892 1050 1973 genuit
1067 1892 1259 1978 iosaphat.

92 1994 244 2082 losephat
266 2001 372 2056 autem
397 1992 509 2077 gennit
530 1992 645 2055 loram.
688 1988 793 2052 loram
833 1999 939 2053 autem
967 1992 1078 2076 gennit
1106 1991 1257 2062 Osiam.

93 2101 123 2166 9.
146 2097 244 2162 Osias
259 2101 366 2157 autem
388 2093 499 2178 genuit
518 2089 672 2155 loatham.
714 2087 860 2154 loatham
874 2097 979 2153 autem
994 2094 1256 2176 genuitAchas.

92 2198 198 2265 Achae
220 2204 328 2260 autem
347 2194 459 2277 genuit
482 2189 666 2258 Ezechiam.
721 2189 772 2254 10.
798 2187 958 2256 Ezechiae
982 2203 1088 2256 autem
1118 2201 1257 2279 genuit

92 2301 288 2366 Manassem.
329 2294 497 2359 Manassen
519 2302 625 2356 autem
638 2291 878 2383 genuitrimon.
919 2292 1026 2357 Amon
1046 2303 1162 2357 antem
1190 2319 1255 2382 ge-

92 2403 163 2471 nuit
184 2397 310 2464 losiam.
359 2393 408 2459 11.
435 2393 538 2458 losias
565 2401 672 2456 autem
700 2391 812 2476 genuit
837 2389 1022 2458 lechoniam
1050 2402 1082 2459 et
1112 2393 1255 2463 tratres

93 2505 164 2568 eius
184 2497 218 2562 in
240 2491 353 2562 exsilio
374 2491 592 2578 Babylonico.
635 2491 685 2556 12
712 2491 791 2558 Post
812 2489 957 2558 exsilium
977 2515 1057 2560 vero
1078 2493 1253 2581 Babylo-

91 2605 200 2666 nienm
228 2595 397 2659 lechonias
426 2595 537 2677 genuit
563 2591 731 2657 salathiel.
780 2591 938 2657 Satathiei
974 2604 1081 2659 antem
1116 2602 1251 2680 gennit

92 2693 291 2766 Zorobabel.
333 2693 383 2757 13.
404 2688 594 2756 aorobabet
616 2701 720 2754 autem
743 2695 854 2778 gennit
875 2691 995 2760 Abiud.
1037 2691 1150 2759 Abiud
1181 2719 1250 2764 ao-

91 2813 157 2866 tem
178 2795 289 2882 genuit
309 2791 457 2858 Eliacim.
497 2789 634 2856 Eliacim
656 2800 762 2856 autem
784 2795 894 2877 genuit
916 2795 1016 2863 Azor·
1065 2795 1117 2860 14.
1138 2797 1249 2866 Azor

91 2909 197 2966 antem
224 2897 335 2980 gennit
361 2892 478 2958 Sados.
524 2892 635 2959 Sados
666 2905 772 2958 antem
800 2899 912 2981 genuit
937 2895 1063 2961 schin.
1110 2897 1246 2968 Annam

91 3010 197 3067 autem
221 2997 331 3082 genuit
352 2991 461 3058 Elind.
502 2995 551 3061 15.
572 2993 672 3060 Eliud
693 3004 798 3058 autern
820 2999 931 3083 genuit
944 2995 1092 3062 Eleazar.
1129 2997 1246 3066 Elea-

92 3123 148 3170 zar
179 3107 286 3164 eutem
318 3095 429 3182 genuit
464 3095 607 3161 Matheo.
660 3093 796 3162 Matheo
828 3108 934 3164 autem
970 3099 1081 3182 genuit
1118 3097 1246 3170 Iacob.

91 3203 142 3268 16.
166 3194 266 3264 Iacob
288 3208 394 3261 autem
415 3200 527 3280 gennit
547 3195 665 3282 loseph
686 3198 832 3262 maritum
854 3199 999 3276 Mariae,
1025 3219 1065 3263 ex
1084 3221 1152 3285 qua
1178 3227 1246 3292 ge-

90 3305 177 3371 nitus
199 3309 247 3364 est
267 3296 406 3376 IESUS,
427 3297 482 3382 qui
505 3296 623 3362 dicitur
648 3295 806 3363 Christus.
855 3299 904 3366 17.
925 3299 1050 3365 Omnes
1071 3320 1151 3388 ergo
1179 3327 1244 3392 ge.

92 3403 289 3478 neratiooes,
308 3396 350 3463 ab
370 3395 533 3464 Abraham
554 3420 657 3486 usque
679 3399 722 3466 ad
743 3399 870 3478 David,
895 3404 1126 3487 generationes
1148 3427 1243 3490 qna-

89 3502 287 3573 teordeoims
306 3510 349 3563 et
368 3520 388 3562 a
407 3498 517 3564 David
543 3521 646 3585 usque
676 3499 718 3566 ad
745 3504 1057 3587 transmigrationem
1076 3501 1245 3592 Babylo-

89 3609 196 3673 nicam
217 3601 444 3688 generationes
467 3599 728 3686 quatuordecima
756 3611 789 3666 et
818 3623 835 3665 o
861 3604 1141 3686 transmigratione
1168 3608 1240 3674 Ba-

90 3705 248 3794 hylonica
269 3720 372 3786 usque
394 3697 436 3766 ad
458 3696 623 3766 Christum
643 3705 869 3786 generationes
892 3701 1146 3790 quatuordeeim.

132 3833 234 3906 LUC.
256 3831 309 3897 111.
335 3832 387 3897 23.
397 3829 521 3897 [Esus
533 3833 708 3920 putabatur
720 3835 808 3900 tilius
819 3831 947 3922 ioseph,
960 3837 1015 3922 qui
1031 3837 1091 3904 init
1104 3837 1238 3926 (fitius)

90 3937 183 4016 Heli,
222 3935 275 4000 24.
298 3932 366 4018 Qui
388 3933 447 3998 tuit
468 3933 621 4013 Matthat,
648 3937 703 4021 qui
723 3935 784 4002 [uit
805 3935 900 4016 Levi,
928 3939 983 4024 qui
1007 3937 1067 4004 tuit
1088 3937 1236 4024 melchi,

90 4043 146 4129 qni
168 4039 227 4102 init
248 4037 358 4110 lanne,
378 4036 435 4122 qui
457 4032 517 4098 init
540 4035 672 4122 loseph,
699 4039 750 4102 25.
774 4037 840 4131 Qui
862 4037 922 4102 init
943 4038 1147 4119 Matthatiae,
1171 4049 1235 4132 qni

90 4143 151 4208 tuit
160 4141 266 4214 omos,
279 4135 334 4224 qui
346 4133 407 4200 suit
419 4132 556 4214 Nahum,
575 4140 632 4228 qui
644 4137 705 4202 fuit
715 4135 793 4216 nen,
806 4139 862 4223 qui
875 4137 936 4202 tuit
948 4140 1068 4228 Nagge
1087 4143 1140 4207 2&
1156 4146 1234 4234 Qui

90 4239 153 4311 tuit
171 4233 302 4312 maath,
324 4233 379 4322 qui
400 4234 461 4300 tuit
481 4233 687 4316 Matthatiae,
713 4239 769 4324 qni
790 4235 850 4303 iuit
871 4239 993 4318 semei,
1015 4243 1071 4328 qui
1093 4241 1155 4309 tuit
1179 4247 1235 4314 lo·

90 4343 187 4432 seph,
207 4339 265 4430 qni
286 4333 349 4404 init
368 4335 468 4415 luda,
507 4337 562 4404 at.
595 4337 664 4424 Qui
688 4336 750 4406 init
769 4337 908 4421 Ioanne,
938 4344 996 4434 qni
1023 4343 1084 4412 tuit
1103 4345 1235 4426 nassa,
