2496 4852
268 223 327 300 (37.
346 217 428 282 lant
448 218 522 301 tegit
541 215 723 302 discipulos.)
1004 233 1063 296 123

12 361 70 421 sbti
155 361 283 426 'udinem
301 382 344 425 am
367 361 465 426 libeat.
505 359 640 424 Galilaea
659 359 784 422 interior·
796 373 899 425 vocata
912 365 966 430 leit
978 367 1064 434 Gen-

12 437 185 530 timGaliaea,
212 462 269 531 non
292 383 383 501 molo
407 452 532 532 propter
550 438 685 502 viciniam
705 437 780 518 Tyri
798 451 830 530 et
848 441 984 520 Sidonis,
1012 451 1064 512 sed

12 515 646 676 t²tttlttl¹¹tg²ltit¹².‘.¹t§.bittit
669 528 841 595 ΝΜ
868 537 902 577 ‘¹
923 541 982 602 ‘¹¹¹⁰
1002 521 1064 588 ¹³⁸·

32 823 82 904 (li.)
113 823 267 892 ultum
289 825 345 891 lv.
389 821 1064 904 16.Ambulansautemlesusrunamare

12 921 118 990 Galilaeae
135 925 208 995 vidit
226 926 307 993 duos
329 927 453 1006 iratres,
474 925 639 991 Simonem
661 927 853 1012 cognomine
870 929 1010 1016 Petrum,
1032 947 1066 1006 et
1111 957 1113 961 ⁴

11 1021 112 1092 tulmen
135 1027 254 1093 tratrem
278 1031 363 1108 eius,
396 1029 553 1092 iacientes
580 1036 650 1092 rete
677 1027 712 1095 in
739 1049 847 1094 mare:
878 1051 952 1098 nam
974 1048 1067 1105 erant

11 1135 128 1202 locatores.
163 1127 210 1194 19.
234 1129 277 1196 Et
303 1129 381 1195 dicit
407 1127 488 1208 illis,
510 1127 698 1214 Sequamini
719 1149 785 1206 rne,
815 1139 847 1194 et
870 1130 982 1200 laciam
1004 1159 1066 1206 vos

12 1223 121 1302 uiatores
139 1225 307 1296 bominum.
348 1229 400 1294 20.
425 1227 468 1293 At
489 1225 539 1291 illi
560 1226 681 1293 relictis
703 1224 772 1294 illic
792 1229 915 1298 retibus
937 1241 1066 1325 sequuti

12 1335 51 1385 un
64 1347 122 1392 eon.
155 1329 202 1394 21.
223 1331 265 1396 Et
285 1351 478 1416 progressus
499 1327 607 1408 illinc,
634 1328 716 1394 vidit
738 1329 820 1397 alios
842 1329 926 1400 duos
944 1335 1068 1422 fratres,
1132 1395 1138 1402 .

13 1419 102 1490 latetur
119 1427 211 1494 filium
234 1429 419 1510 Zebedaei,
447 1439 478 1495 et
500 1429 655 1495 loannem
680 1427 811 1496 fratrem
840 1435 910 1499 eius
936 1438 970 1502 in
991 1443 1068 1508 navi

17 1527 203 1597 mbtedaeo
231 1541 327 1618 patre
350 1549 428 1610 suo,
455 1531 631 1596 sarcientes
657 1535 738 1596 retia
774 1553 847 1598 suar
887 1545 919 1600 et
940 1545 1069 1610 vocavit

19 1641 56 1684 t⁰5·
77 1629 107 1694 n
127 1631 173 1696 llli
202 1641 311 1696 autem
344 1631 493 1718 protinus
523 1629 637 1696 relicta
655 1635 733 1698 navi
763 1643 795 1699 et
823 1645 915 1719 patre
936 1660 998 1708 suo
1019 1664 1069 1709 se·

15 1728 65 1806 qut
78 1744 132 1798 mc
155 1754 233 1798 eum.
275 1733 329 1797 23.
357 1729 400 1796 Et
428 1731 616 1798 circumibat
641 1742 740 1798 totam
763 1731 943 1803 Galilaeam
970 1742 1070 1824 lesus,
1153 1763 1155 1772 ·

12 1821 133 1900 tmen
164 1835 339 1920 synagogis
375 1829 520 1910 illorum,
560 1854 599 1896 ac
629 1833 821 1920 praedicans
857 1837 1071 1927 Evangelium

10 1921 80 2011 ltni,
93 1943 117 1998 et
129 1955 239 2000 nuans
262 1953 394 2000 omnem
421 1929 585 2011 morbum,
612 1943 645 1999 et
671 1955 798 2001 omnem
824 1935 1016 2026 languorem
1036 1947 1072 2012 in

11 2029 89 2110 mulo
119 2037 163 2100 ll.
180 2037 222 2102 Et
238 2036 382 2100 mouerit
403 2033 487 2100 lama
510 2032 598 2098 illius
620 2035 655 2099 in
676 2045 776 2102 totam
797 2037 940 2123 Syriam:
963 2053 996 2108 et
1016 2044 1072 2110 arl-

11 2123 292 2202 noseredinum
322 2155 436 2202 omnes
462 2132 546 2199 male
575 2132 732 2200 babentes
749 2141 848 2203 variis
868 2139 1008 2222 morbis,
1035 2165 1073 2210 ao

10 2231 133 2302 nuntius
151 2239 361 2316 constrictos,
388 2245 422 2302 et
442 2233 686 2317 daemoniacos,
709 2245 741 2302 et
761 2235 938 2319 lunaticos,
965 2253 997 2309 et
1018 2266 1075 2331 pa-

10 2324 112 2414 clunes
127 2335 423 2426 sonabatqueilloe.
463 2337 515 2402 25.
535 2335 577 2400 Et
598 2345 756 2420 sequutae
777 2346 853 2402 sunt
871 2357 944 2406 eum
959 2343 1074 2412 turbae

10 2427 78 2496 tlte
93 2459 107 2500 a
125 2439 281 2518 Galilaea,
304 2448 338 2503 et
357 2435 538 2523 Decapoli,
559 2446 592 2502 et
613 2435 868 2522 Hierosolymis,
890 2451 923 2506 et
943 2442 1075 2524 iudaea,

10 2535 132 2620 “legione
150 2551 236 2608 bans
257 2536 443 2606 Iordanem.

55 2669 163 2743 tane.
182 2677 204 2740 l.
248 2676 302 2740 16.
324 2671 435 2760 Quum
458 2682 563 2737 autem
586 2669 767 2738 ambularet
788 2673 874 2739 iuxta
899 2697 988 2742 mare
1010 2677 1077 2745 Ga-

9 2761 87 2852 nare,
107 2775 188 2844 ridet
214 2775 384 2842 Simonem
414 2783 446 2839 et
466 2773 633 2838 Andream
659 2771 789 2840 fratrem
815 2775 898 2856 eius,
922 2780 1078 2848 iacientes

9 2875 47 2928 ute
60 2873 83 2936 iu
98 2895 189 2942 nare:
209 2883 308 2942 erant
329 2875 413 2940 enim
435 2877 623 2962 piscatores.
665 2874 716 2940 17.
736 2874 780 2940 Et
801 2875 879 2942 dim
899 2875 964 2944 illis
980 2880 1080 2960 lenm

9 2962 132 3050 &cumin
149 2998 210 3056 me,
231 2975 403 3053 etfaciam,
426 2985 462 3040 ut
483 2975 569 3040 fiatis
583 2977 760 3061 piscatores
772 2975 945 3044 hominnm.
966 2978 1016 3046 ts.
1031 2980 1081 3046 Ao

9 3071 101 3146 miuus
117 3075 233 3144 relictis
254 3073 381 3144 retibus
401 3077 469 3142 suis
499 3077 628 3162 sequuti
647 3085 721 3144 suut
741 3097 822 3144 eum.
866 3077 915 3144 19.
936 3077 979 3144 Et
1002 3103 1081 3168 pro·

9 3185 85 3246 lnam
104 3177 189 3244 illine
215 3174 388 3264 pusillum,
415 3173 497 3242 vidit
525 3173 681 3242 Iacobum
708 3175 812 3242 lilium
833 3176 1019 3256 Zebedaei,
1049 3189 1083 3246 et

9 3263 106 3342 'lmen
132 3279 263 3344 tratrem
300 3279 385 3358 eius,
413 3278 469 3362 qui
496 3277 615 3364 stipsi
641 3279 675 3343 in
701 3279 778 3342 navi
804 3278 1084 3350 reconcinnabant

9 3371 57 3436 utu
86 3379 128 3446 ill
146 3381 329 3466 Statimque
350 3378 483 3443 vocavit
504 3373 594 3443 illos:
620 3388 653 3444 et
676 3375 741 3458 illi,
767 3375 882 3448 relicto
903 3392 995 3470 patre
1021 3403 1083 3452 suo
1175 3393 1182 3402 “

9 3465 128 3546 blabeo
146 3485 181 3550 iu
199 3483 280 3548 navi
301 3499 373 3546 cum
394 3480 614 3558 mercenariis,
632 3481 763 3568 sequuti
782 3490 858 3548 sunt
879 3503 963 3550 eum.

54 3609 134 3682 tub
153 3619 195 3684 V.
240 3615 271 3682 1.
290 3613 425 3680 Factum
444 3621 492 3680 est
514 3624 629 3692 autem,
652 3634 750 3700 quum
772 3613 868 3682 turba
888 3619 1024 3684 instaret
1046 3617 1087 3698 ei,

9 3711 135 3782 *uiuet
152 3715 291 3782 verbum
312 3713 393 3792 Dei,
423 3724 456 3782 et
481 3717 552 3801 ipse
572 3713 679 3780 stabat
699 3716 786 3780 iuxta
806 3725 953 3802 stagnum
975 3719 1087 3784 Gene-

9 3811 78 3876 flretl
111 3817 139 3881 2
162 3817 206 3882 Et
222 3813 307 3881 vidit
328 3813 410 3880 duas
430 3835 531 3881 naves
552 3825 673 3880 stantes
695 3814 738 3880 ad
759 3825 920 3906 stagnum:
948 3821 1088 3910 piseato·

9 3923 32 3968 n
48 3925 133 3982 auem
153 3911 393 3984 descenderant
415 3937 453 3982 ex
475 3915 557 3996 illis,
585 3925 617 3982 et
646 3913 825 3984 abluebant
846 3923 937 3988 retia.
986 3923 1015 3990 3.
1037 3921 1088 3986 ln·

9 4022 90 4082 mama
107 4029 210 4083 autem
239 4019 276 4084 iu
295 4038 395 4084 unam
417 4021 561 4096 navium,
582 4038 667 4104 qnae
689 4029 760 4084 eret
781 4020 938 4098 Simonis,
963 4023 1090 4106 rogavit

9 4123 60 4188 Ι,
79 4127 111 4180 ut
135 4139 153 4182 a
180 4129 269 4186 terra
294 4117 473 4184 abduceret
499 4117 670 4206 puellum:
698 4129 731 4184 et
760 4119 879 4186 sedens
907 4118 1089 4186 docebate

9 4213 50 4272 ”Vl
65 4215 170 4288 lubae.
210 4221 242 4288 4.
267 4221 313 4288 Ut
336 4227 442 4288 autem
464 4219 600 4285 cessavit
620 4217 729 4308 loqui,
756 4217 836 4288 dixit
856 4217 898 4288 ad
917 4219 1091 4294 Simonem,
1176 4291 1181 4302 ¹

9 4303 93 4384 l'ltin
112 4315 225 4402 altum,
245 4330 276 4388 et
296 4317 402 4390 laxate
423 4322 506 4388 retia
527 4329 634 4388 vestra
656 4322 691 4388 in
711 4331 886 4408 capturam.
927 4319 958 4384 ὅ.
979 4318 1021 4384 Et
1041 4335 1092 4382 re·
