2524 4856
88 249 148 314 2¹³6
257 249 369 314 SECT.
386 247 484 312 XVII.
520 263 776 314 nmmuosurs
795 263 1073 314 massmannum.

90 401 199 467 vocari
231 385 274 468 ah
301 399 487 469 hominihus
512 401 631 471 Rahhi.
672 403 704 468 8.
735 403 808 469 Vos
844 411 950 468 autem
982 401 1085 467 nolite
1115 400 1224 466 vocari

90 501 212 572 liahhi:
243 527 328 572 uuus
355 507 440 572 euim
467 516 500 572 et
525 507 673 592 stragister
697 515 816 586 vester,
842 503 1007 582 Christus,
1033 525 1096 570 vos
1124 513 1226 568 auten

91 627 204 674 ouruea
230 606 344 671 iratres
376 611 462 674 estis.
513 610 545 674 9.
577 611 618 678 Et
645 617 766 693 patrem
793 605 898 674 nolite
923 605 1021 672 vohis
1048 607 1226 672 vocarein

92 717 190 776 terra:
213 729 297 774 uuus
319 710 403 774 enim
426 717 474 776 est
488 709 585 775 Pater
599 718 715 787 vester,
735 712 792 797 qui
814 711 847 774 iu
869 709 969 774 coelis
992 717 1050 774 est.
1083 708 1139 772 lt).
1161 707 1225 770 Nec

91 812 251 878 vocemini
271 813 427 896 magistri:
457 833 540 880 uuus
568 811 651 876 euim
678 822 727 878 cst
746 812 896 897 magister
916 823 1040 886 vester,
1068 809 1220 878 christus

92 911 143 975 ll.
171 911 240 998 Qui
258 915 411 978 maximus
431 924 480 980 est
500 925 655 992 vestrum,
681 916 740 980 erit
760 915 905 980 minister
924 925 1040 979 vester.
1086 911 1143 976 ta
1166 910 1225 995 Qui

90 1025 196 1081 antem
231 1036 267 1080 se
297 1014 493 1098 exaltaverit,
525 1014 756 1086 hmuiliahitnr:
790 1025 822 1083 ct
852 1017 909 1108 qui
938 1037 974 1082 se
1005 1013 1228 1092 humiliaverit.

91 1115 290 1185 exaltabitur.

174 1285 316 1357 Marte.
338 1288 407 1354 Xll.
449 1285 503 1354 38.
529 1285 571 1352 Et
592 1283 722 1352 dlcehat
746 1286 811 1354 illia
838 1289 872 1355 in
894 1286 1042 1355 doctrina
1063 1305 1144 1365 sua,
1170 1283 1229 1351 Ce-

90 1399 164 1455 vetc
184 1411 203 1455 a
225 1387 362 1469 Scribis,
389 1391 444 1476 qni
466 1399 571 1456 amant
591 1390 624 1454 iu
647 1388 741 1454 stolis
762 1387 940 1470 amhulare,
966 1400 999 1456 et
1017 1387 1228 1454 salutationes

89 1495 124 1558 iu
145 1491 234 1572 loris,
277 1491 329 1558 39.
353 1493 538 1581 Primusque
559 1489 654 1562 sellas
678 1493 712 1558 iu
733 1495 915 1582 synagogis,
937 1501 969 1562 ct
989 1493 1120 1582 primos
1140 1513 1228 1556 aens

88 1593 177 1662 hitus
199 1597 234 1660 iu
255 1596 377 1662 coenis.

176 1765 279 1834 LUC.
301 1766 355 1830 lll.
395 1763 448 1830 dh.
474 1761 687 1850 Respondeas
709 1773 814 1834 antem
835 1763 964 1853 qnidam
987 1785 1025 1831 ex
1045 1766 1232 1854 Legisperi·

89 1866 139 1945 tis,
162 1869 204 1934 ait
226 1865 282 1946 illi,
303 1867 467 1952 Magister,
489 1865 568 1931 hacc
590 1865 710 1944 diceus,
737 1869 829 1934 etiam
851 1887 913 1933 nos
934 1865 1038 1934 allicis
1062 1882 1232 1937 coutume-

88 1967 142 2036 lis.
185 1970 238 2035 to.
269 1970 313 2035 m
333 1968 389 2034 ille
409 1971 461 2048 ait,
478 1968 519 2034 Et
539 1966 635 2034 vohis
656 1969 874 2055 Legisperitin
892 1991 962 2049 vae,
984 1971 1063 2058 quia
1084 1977 1231 2040 oneratis

88 2071 233 2138 homiues
262 2069 432 2148 oneribus,
465 2089 549 2158 qnae
576 2081 708 2158 portatu
737 2070 880 2140 difficilia
908 2082 995 2142 suuis
1025 2075 1092 2158 ipsi
1122 2087 1230 2139 autem

87 2195 155 2242 uon
178 2197 244 2242 uuo
264 2173 436 2261 digitorum
453 2161 634 2240 vestrorum
649 2173 799 2260 attingitis
814 2175 966 2246 sarciuas,
991 2173 1117 2254 (Ponto
1129 2177 1229 2258 ante.)

88 2277 141 2344 43.
168 2279 239 2344 Vae
259 2276 370 2356 vohis,
390 2275 564 2354 Pharisaei,
590 2278 645 2362 qui
672 2279 820 2364 appetitis
849 2277 968 2362 primas
995 2275 1167 2342 cathedras
1196 2281 1229 2342 iu

87 2381 280 2468 synagogis,
302 2387 334 2446 et
354 2377 561 2444 salutationes
583 2377 616 2442 iu
638 2377 722 2444 loro.
777 2379 842 2444 XX.
886 2376 939 2442 dh.
960 2376 1128 2444 Audiente
1146 2401 1228 2446 vero

87 2493 204 2550 cuncto
225 2481 367 2570 populo,
393 2478 474 2545 dixit
500 2477 667 2566 discipulis
693 2480 773 2548 suis:
821 2479 874 2548 46.
904 2477 1027 2548 Cavete
1051 2501 1069 2546 a
1092 2481 1227 2560 Scribis,

86 2588 144 2678 qni
159 2594 312 2674 appetunt
327 2579 491 2648 ambulare
510 2583 544 2646 in
563 2580 664 2662 stolis,
685 2593 717 2649 et
731 2592 837 2649 amant
852 2579 1061 2648 salutationes
1079 2585 1117 2649 in
1135 2585 1225 2663 loris

87 2697 119 2756 et
134 2690 253 2776 primas
266 2684 431 2752 cathedras
447 2685 481 2750 in
496 2685 680 2774 synagogis,
697 2693 728 2752 et
739 2687 860 2776 primos
873 2682 1039 2752 aonrhitos
1053 2685 1090 2754 in
1103 2689 1224 2754 cumn

161 2895 265 2958 lilatth.
284 2899 311 2959 1.
353 2897 512 2975 Loquetur
533 2906 581 2957 art
603 2897 648 2956 ad
669 2897 785 2956 sartae.
827 2891 967 2986 Apprime
985 2893 1062 2956 utilis
1079 2894 1139 2957 tait
1156 2896 1224 2958 luet

86 2973 256 3047 admonitio,
274 2984 308 3032 nt
326 2971 403 3034 inter
420 2972 530 3034 dissidia
549 2985 579 3033 et
597 2971 784 3033 certaminum
801 2979 945 3061 strepitus,
967 2972 997 3031 in
1015 2971 1106 3034 rehus
1128 2973 1226 3034 turha-

85 3051 123 3112 tis
143 3060 173 3111 et
190 3047 329 3124 confusis,
355 3049 385 3108 iu
408 3048 589 3127 dissipatione
607 3046 678 3110 recti
698 3059 728 3108 et
745 3045 864 3129 legitimi
882 3045 1002 3122 ordinis,
1026 3048 1106 3109 salua
1131 3063 1224 3110 umen

85 3138 216 3188 maneret
233 3125 313 3188 verhi
332 3125 388 3189 Dei
406 3125 567 3186 auctoritas.
615 3126 688 3185 Nam
709 3125 763 3183 hoc
782 3122 919 3202 spectarit
938 3122 1046 3184 Christi
1064 3127 1225 3200 consilium,

85 3225 124 3266 ne
143 3203 222 3285 plchs
240 3201 394 3264 scriharum
412 3201 485 3262 vitiis
504 3199 614 3261 oflensa
629 3199 714 3294 Legis
729 3197 919 3260 reverentiam
937 3199 1082 3260 abiiceret.
1112 3203 1224 3264 Minus

87 3280 178 3354 enim,
197 3301 280 3361 quam
320 3277 439 3340 coelives
456 3277 491 3338 ad
511 3277 570 3337 eius
590 3276 729 3340 fastidium
748 3275 805 3338 siut
824 3275 970 3338 hominum
990 3287 1116 3342 mentes:
1142 3299 1223 3358 prse-

86 3356 184 3420 sertim
214 3354 263 3414 ubi
309 3353 451 3415 issolutior
479 3364 524 3414 est
571 3365 695 3416 asturum
724 3351 795 3424 vita,
826 3373 917 3438 neque
942 3351 1034 3412 verbis
1058 3355 1222 3434 respondet,

85 3429 172 3512 vulgo
197 3449 296 3491 omnes
321 3449 420 3490 eorum
445 3373 587 3504 cremii),
613 3430 690 3509 quasi
710 3447 843 3488 concessa
862 3429 1053 3507 impunitate„
1065 3429 1220 3490 lasciviunt.

85 3507 166 3568 Idem
191 3506 275 3567 etiarn
298 3506 371 3581 (imo
395 3505 497 3586 aliquid
519 3449 656 3579 deterius>
679 3505 709 3565 in
733 3503 879 3564 discordiis
900 3501 1014 3568 accidit:
1042 3525 1108 3566 naua
1134 3507 1221 3566 maior

85 3604 150 3664 patr
174 3603 291 3642 excusso
314 3582 383 3664 iugo
407 3581 553 3664 profundit
574 3603 635 3644 suas
660 3580 801 3656 libidines,
825 3599 858 3644 ac
882 3591 1021 3648 eruentus
1040 3593 1219 3662 contemptus

86 3657 216 3735 erumpit
255 3658 347 3719 Porro
368 3671 436 3719 tuuc
456 3657 591 3718 ardehaut
608 3657 715 3717 scrihae
734 3655 861 3725 avaritia,
884 3653 1039 3714 aruhitione
1059 3657 1218 3741 turgebant,

84 3746 171 3794 notae
191 3744 273 3794 eruut
292 3754 392 3793 eorum
411 3733 539 3814 rapinae,
564 3731 744 3793 formidabilis
764 3729 925 3804 crudelitas,
954 3743 1088 3812 tantaque
1111 3755 1217 3794 morum

85 3809 241 3890 comptis,
263 3821 294 3870 ut
312 3809 400 3871 videri
419 3823 537 3892 possent
554 3809 584 3872 iu
602 3810 687 3892 Legis
705 3808 850 3870 interitum
869 3808 1053 3886 conspirasse.
1084 3810 1135 3870 Ad
1156 3811 1216 3870 haer

85 3909 187 3969 purum
211 3897 240 3946 et
262 3886 416 3968 genuinum
443 3887 528 3968 Legis
549 3907 661 3946 sensum
686 3883 778 3970 pravis
801 3883 857 3944 suis
880 3883 1050 3950 commentis
1073 3899 1215 3976 percerte·

85 3974 159 4035 rant,
178 3973 211 4022 ut
231 3974 382 4044 cogeretur
402 3961 530 4022 Christus
549 3962 651 4022 acriter
670 3983 735 4021 cum
753 3958 820 4040 ipsis
839 3958 1008 4096 confligere:
1030 3981 1099 4096 puta
1121 3963 1157 4024 ad
1176 3983 1211 4022 er-

85 4039 284 4120 stinguendam
308 4037 433 4098 veritatis
459 4037 550 4098 luceru
578 4037 648 4097 mira
676 4035 767 4096 rahies
792 4055 841 4096 eos
865 4035 925 4094 lere
946 4046 982 4095 at
1049 4048 1138 4117 taque
1161 4037 1210 4118 quia

84 4114 240 4193 periculum
260 4125 330 4186 erat,
349 4135 388 4176 ne
405 4112 487 4174 multi
504 4113 606 4194 partim
626 4136 659 4174 ex
673 4111 773 4174 talibus
786 4110 963 4190 corruptelis,
984 4111 1089 4191 partim
1106 4135 1143 4174 ex
1159 4134 1210 4174 ter·

85 4191 222 4254 tamiuum
241 4191 371 4265 tumultu,
390 4201 585 4270 contemptum
604 4189 691 4250 totius
710 4186 819 4270 pietatis
838 4187 1033 4267 conciperent,
1053 4189 1213 4272 tempestive

86 4267 214 4328 occurrit
232 4263 362 4326 Christus
384 4287 417 4326 ac
436 4286 584 4346 perperam
602 4265 663 4326 fieri
683 4261 862 4344 pronuntiat,
884 4262 908 4322 si
928 4259 966 4323 oh
988 4263 1054 4324 vitia
1072 4263 1212 4324 homiuum

86 4359 199 4418 pessum
224 4349 270 4403 eat
291 4361 359 4404 vera
380 4339 496 4425 religio,
519 4353 550 4404 et
570 4362 605 4403 ux
627 4341 714 4426 Legis
736 4337 897 4406 reverentia
919 4337 1070 4422 quicquam
1091 4341 1211 4402 decede
