2560 4848
338 251 419 334 (ΙΝ.
458 253 506 318 Bt
524 252 620 320 tritten
640 261 672 320 tl
687 253 825 335 Ma)
1113 261 1151 324 13

37 433 92 474 nnn
110 409 237 476 «inem
254 409 375 478 deidei
392 413 586 498 perfectione,
606 415 658 481 sesi
673 427 786 480 tantum
806 417 973 492 ostendere,
998 417 1029 480 in
1048 417 1151 510 quous

36 492 143 552 verbnm
161 489 317 554 fructificet.
357 491 528 574 Quanquam
547 513 619 576 ergo
638 493 788 556 mediocris
808 495 864 556 erit
886 495 1048 578 profectus,
1071 517 1148 576 qaus-

36 568 90 646 qnie
109 578 194 628 tamen
212 589 272 630 non
292 567 448 664 degenerat
466 590 482 628 a
500 569 614 632 sincero
633 567 691 632 Dei
710 567 801 646 cultu,
825 569 901 632 hona
920 583 995 631 terra
1016 582 1045 631 et
1066 569 1147 634 lorti-

36 645 216 732 liseuuetur.
259 643 356 724 Spinis
386 643 501 724 quidem
524 644 677 706 evellendis
706 645 873 708 incumbede
895 647 1068 721 modesti,
1097 647 1148 709 sed

36 741 90 802 qna
108 741 242 800 nunquun
259 718 307 782 vel
326 719 437 782 assiduo
456 720 557 782 labore
575 741 797 802 consequemur,
818 723 886 803 quin
906 723 1048 786 residuum
1072 745 1148 784 sem-

35 817 78 878 per
94 794 126 854 ali
145 797 189 856 nid
206 807 332 870 maneat,
358 796 457 860 saltem
475 797 592 890 quisque
616 810 745 858 nostnun
770 819 815 859 aas
835 799 1004 860 mortificare
1027 800 1148 874 studeat,

33 893 64 962 ne
83 817 164 933 Verli
182 871 305 934 fraretum
325 873 486 956 impediant.
527 871 686 936 Lonlirmnt
704 873 776 934 hanc
797 875 964 936 sententiam
983 875 1059 956 quod
1078 895 1147 956 pro-

33 967 99 1084 {iffi
113 949 318 1086 εῐεφιίῑιιιέἒδί
336 950 423 1042 docet
443 947 586 1086 ‹iſtriim’
610 969 681 1086 nott:¹
693 947 800 1088 affin
819 969 918 1088 opines
937 952 1147 1090 mensurareiffi-

33 1101 95 1174 tius,
118 1045 391 1182 qffiuigeiupiilrln
408 1045 713 1174 cerpppmgffidst'
736 1047 863 1164 videnisus
875 1045 1047 1165 elauriaerlmtite
1056 1061 1148 1166 terrai

32 1198 117 1236 onnes
136 1175 214 1236 simul
232 1179 389 1260 coniungat
399 1123 536 1251 (irrisus,
555 1197 627 1258 quae
646 1176 787 1259 agricolae
805 1177 930 1240 laborem
949 1199 1068 1260 aespenn
1085 1199 1146 1238 non

31 1274 133 1334 prorsus
152 1253 329 1313 funerantur.
368 1255 464 1333 Atque
483 1251 550 1312 hinc
569 1254 719 1328 docemur,
746 1254 862 1315 minime
885 1256 1060 1336 spernendos
1085 1275 1147 1316 esse

30 1328 175 1410 quiiminus
192 1327 347 1404 excellunt,
373 1329 486 1410 quando
509 1328 571 1422 ipse
588 1327 800 1410 paterfamilias,
827 1329 894 1392 lieet
918 1349 1005 1392 unam
1026 1349 1147 1411 nemque

29 1426 72 1486 pro
88 1404 273 1466 abundantiae
291 1425 358 1466 sune
377 1406 467 1488 gradu
485 1403 544 1466 aliis
563 1405 712 1486 praeierat,
736 1407 879 1468 communi
898 1417 993 1468 umen
1006 1353 1148 1470 luntatis

29 1481 110 1561 dogio
135 1479 285 1544 inferiores
314 1501 428 1561 quoque
446 1481 587 1564 dignatur.
629 1480 782 1542 Caeterum
805 1493 864 1544 tres
881 1481 950 1544 istos
976 1484 1078 1564 gredau
1102 1483 1148 1544 in-

27 1557 87 1617 salse
106 1556 302 1638 Hieronymus
320 1558 355 1618 ad
374 1557 513 1649 virgines,
537 1557 648 1630 viduas,
672 1569 702 1618 et
723 1556 860 1640 contingen
878 1558 1044 1638 detorquet,
1069 1557 1148 1638 quasi

27 1655 85 1694 sero
103 1645 270 1714 proventus,
291 1653 376 1714 quem
397 1633 485 1716 exigit
503 1653 519 1694 a
538 1631 621 1694 uobis
641 1633 791 1708 Dominus,
811 1634 846 1694 ad
864 1634 956 1694 eolsun
977 1633 1147 1696 coelibatum

26 1711 162 1790 pertineat,
181 1730 214 1770 ae
227 1729 289 1770 non
298 1730 381 1791 saepe
389 1709 508 1770 uberior
526 1709 564 1770 sit
582 1709 613 1770 in
623 1709 797 1792 proferendo
817 1709 895 1770 omni
904 1709 1042 1772 virtutum
1052 1711 1148 1770 lruetu

27 1788 97 1846 rnnin
181 1785 280 1868 pietas.
310 1787 500 1866 ttocqnnqne
519 1784 614 1846 obiter
631 1785 776 1847 sciendum
787 1797 840 1859 est,
861 1785 1006 1848 Christum
1023 1783 1111 1846 nonla
1132 1819 1148 1836 ·

26 1806 251 1954 paboffiloqui
261 1862 297 1922 de
307 1861 402 1953 [ructu
412 1859 556 1952 eentnplo,
574 1861 748 1954 uttunel'uit
758 1863 930 1954 quarundam
941 1861 1092 1954 regionum
1102 1806 1147 1924 ἄ-

26 1941 148 2014 enndtas,
167 1937 438 2000 srentexlustoncns
448 1935 590 2020 plerisque
609 1937 1147 2019 etquniunoculntutostabusconstat.

94 2141 204 2224 (109.)
247 2139 419 2208 ΜΑΤΤΗ.
441 2141 526 2208 xm.
569 2139 623 2208 ot.
644 2139 749 2208 Aliam
769 2136 958 2228 parobolam
974 2143 1147 2230 proposuit

25 2245 72 2324 eis,
96 2245 228 2324 disens,
256 2243 475 2310 Assimilatum
495 2255 545 2312 est
564 2264 697 2332 regnum
719 2241 885 2310 coelorum
910 2242 1033 2309 homini
1054 2246 1147 2310 semi·

25 2352 97 2413 nanti
118 2347 246 2416 bonum
267 2367 376 2414 sennen
398 2349 433 2413 in
455 2369 533 2436 agro
558 2367 629 2416 sno.
672 2347 725 2412 25.
752 2344 817 2412 sed
840 2343 1074 2412 dormientibus
1088 2347 1147 2412 ho-

23 2449 152 2518 minibus
173 2449 262 2516 venit
283 2449 371 2517 illius
394 2451 557 2530 iuimicus,
580 2459 610 2516 el
632 2451 799 2516 seminavit
818 2449 941 2514 zizania
963 2449 1047 2516 inter
1068 2451 1148 2516 trili-

23 2575 89 2634 nnn,
110 2551 269 2642 abiitque.
313 2552 367 2617 26.
390 2552 500 2641 Quum
527 2557 631 2619 aulem
652 2553 859 2640 genninnsset
886 2548 1003 2632 herba,
1029 2559 1061 2616 et
1082 2551 1148 2618 iru-

22 2657 244 2735 einrniecisoei,
264 2661 342 2720 tune
354 2663 568 2744 apparuerunt
589 2665 621 2722 et
630 2657 761 2721 zizania.
804 2651 858 2720 27.
880 2651 1078 2722 decedentes
1089 2675 1148 2720 nu·

22 2769 70 2822 ten
99 2759 191 2826 semi
224 2755 458 2846 patrisfamilias
493 2755 642 2826 dixerunt
666 2755 734 2834 illi,
765 2757 919 2840 Domine,
951 2777 1061 2824 nonne
1086 2753 1148 2826 ho-

21 2883 84 2926 nnn
103 2881 220 2928 neuen
241 2861 453 2927 seminaverat
475 2862 510 2926 in
531 2859 702 2947 agroino?
723 2859 811 2928 unde
830 2861 926 2946 igitur
945 2851 1042 2926 habet
1062 2863 1147 2926 nies-

21 2965 79 3030 nia?
122 2961 259 3030 tortile
280 2985 359 3029 reru
383 2963 461 3030 dixit
483 2961 556 3044 illis,
579 2963 729 3028 inimicus
750 2963 848 3029 homo
863 2963 926 3027 hoe
944 2961 1027 3028 iecit.
1070 2961 1147 3028 Ser-

21 3067 170 3133 viantem
194 3063 344 3131 dixerunt
364 3061 429 3146 illi,
451 3067 512 3132 Vis
530 3061 639 3152 igitur,
661 3063 813 3132 abeamus
835 3073 867 3132 et
888 3063 1077 3150 collipnmns
1090 3067 1146 3134 ent

19 3167 62 3235 29.
81 3173 124 3236 Aa
146 3165 206 3234 ille
227 3165 321 3250 dixit,
342 3167 434 3236 Non:
461 3189 513 3246 ne,
535 3165 612 3233 duan
635 3167 786 3254 colligitis
813 3167 949 3244 zizania,
977 3165 1146 3233 eradicetis

20 3272 102 3338 sinui
123 3291 200 3337 cum
222 3269 289 3336 illis
311 3279 342 3337 et
363 3273 510 3339 triticum.
554 3269 606 3336 30.
630 3271 731 3338 Sinite
752 3271 872 3357 pariter
893 3285 1038 3332 erescere
1060 3277 1146 3334 utra·

21 3395 74 3458 que
93 3394 202 3462 nsque
224 3371 265 3438 ad
287 3393 434 3440 messem:
461 3385 491 3440 et
514 3376 549 3438 in
571 3365 714 3462 ternpore
735 3375 848 3440 messis
871 3369 975 3436 dicans
997 3371 1146 3438 artemoni-

19 3471 85 3556 bus,
114 3474 275 3562 Colligite
303 3477 439 3563 primum
463 3476 601 3556 zizania,
630 3487 660 3542 et
688 3474 830 3561 colligite
858 3495 896 3540 ea
918 3469 952 3537 in
974 3471 1147 3541 inscienlos

20 3575 53 3644 nd
74 3575 332 3646 comburendum
359 3599 414 3645 ene
442 3579 581 3644 triticum
607 3599 687 3645 vero
714 3589 906 3666 congregate
932 3577 965 3642 in
991 3575 1144 3644 horreum

19 3701 124 3748 noum.
168 3681 295 3764 (Paulo
310 3682 411 3766 post.)
453 3680 507 3746 36.
529 3681 624 3748 Tuus
638 3675 779 3748 dimissis
801 3681 905 3750 turbis
926 3681 1015 3746 venit
1034 3681 1068 3746 in
1086 3677 1146 3746 do·

18 3801 92 3849 nnm
114 3785 224 3862 lesus,
247 3793 279 3851 et
301 3791 504 3850 accesserunt
525 3782 567 3849 nd
588 3781 678 3849 illnm
700 3781 849 3871 discipuli
873 3789 959 3862 eino,
992 3781 1144 3864 diceutes,

19 3883 141 3972 Explica
164 3882 262 3951 nobis
283 3883 471 3974 parabolam
493 3887 688 3953 zizaniorum
707 3887 783 3974 agri.
813 3885 866 3954 37.
888 3885 996 3956 Atille
1009 3907 1144 3974 rospon-

19 3985 99 4070 dons,
120 3987 199 4054 dixit
220 3986 295 4068 illis,
318 3989 387 4076 Qui
408 3991 541 4056 seruiunt
562 3987 684 4056 bonum
708 4009 825 4068 semen,
847 4001 895 4058 eat
916 3989 1019 4058 Filius
1041 3988 1143 4054 hnmi-

20 4091 69 4154 nis.
111 4089 165 4156 38.
187 4092 273 4178 Ager
293 4101 397 4157 autern
419 4101 470 4161 est
494 4091 644 4159 mundus.
688 4089 793 4158 Porro
818 4088 941 4160 bonum
969 4111 1092 4168 semen,
1119 4089 1142 4152 ii

20 4202 86 4257 snnt
105 4191 163 4258 lilii
177 4195 291 4284 regni:
311 4195 432 4260 zizania
454 4215 534 4262 voro
556 4203 631 4262 sunt
651 4191 710 4260 lilii
731 4192 818 4262 illius
829 4194 913 4264 mali.
955 4191 1009 4260 39.
1031 4191 1142 4258 inimi·

21 4297 244 4378 retentantem,
266 4297 323 4384 qni
343 4298 479 4364 seminat
499 4317 546 4380 en,
567 4308 616 4366 eat
636 4295 800 4366 diabolus:
822 4297 942 4371 liaris
961 4313 1042 4361 vero
1063 4311 1141 4358 eon·
