2524 4856
143 283 202 348 238
306 280 416 346 SEC't'.
436 279 532 342 ttvtl.
570 293 826 344 rmnuaeoenrs
843 294 1110 351 ussermannus.

146 443 177 496 et
199 453 307 496 nornen
324 431 377 496 illis
397 431 449 496 huit
468 432 643 515 impositoms
675 453 740 495 narn
758 431 906 496 Phemsim
925 433 992 495 dicti
1010 443 1070 496 eunt
1086 431 1151 516 qnasi
1165 431 1230 494 inter-

144 523 248 594 pretes.
288 511 457 604 Quanquam
482 521 576 602 antem
599 510 656 572 suis
682 510 852 602 commentis
875 523 965 604 totam
984 511 1142 602 Sqriptnrans
1160 509 1230 598 inadp-

145 597 283 726 {tntis
312 607 359 723 ”ii
378 587 917 744 tittst‘ntttltttnl'tttttl?
930 589 1076 745 lisinii}
1090 605 1229 746 stitit

145 761 209 800 rum
228 739 389 801 auctoritas.
427 739 497 798 ldeo
517 739 557 800 sic
576 737 681 800 resolvi
703 737 789 800 dehet
808 738 952 820 loquutio‚
973 738 1105 800 Pharisaei
1122 749 1147 798 et
1160 737 1228 816 reiqui

145 815 262 891 scribae,
281 815 327 876 rol
345 815 462 890 scribae,
480 815 557 874 inter
576 835 647 896 quos
666 813 806 876 Pharisaei
829 835 939 876 summo
958 813 1066 875 honore
1083 813 1184 896 pollent,
1195 835 1226 872 m

145 892 189 954 his
211 893 278 954 dum
304 891 472 972 loquuntur,
498 901 591 952 rectre
614 891 690 953 vitae
714 890 799 973 probi
823 903 891 953 sunt
916 889 1056 976 magistu,
1073 889 1153 971 impiis
1167 901 1227 948 auten

102 1002 106 1012 =
146 970 280 1050 operibus
298 969 416 1050 pessime
435 989 487 1028 ros
507 966 666 1028 instituunt:
686 989 773 1049 quare
792 967 827 1029 ad
846 989 945 1030 eornm
965 989 1016 1028 ora
1035 966 1123 1048 potius
1138 965 1230 1047 qnmrl

146 1065 245 1106 manns
263 1046 408 1105 attendite.
447 1045 533 1104 Nune
551 1044 710 1124 quaeritur,
735 1043 867 1126 quicquid
885 1043 1053 1128 praecipiant
1070 1041 1191 1114 doctores,
1208 1061 1230 1098 an

145 1120 207 1185 sine
226 1121 388 1184 discrimine
406 1120 560 1201 parendum
579 1121 623 1182 sit.
661 1121 735 1182 Nem
753 1121 818 1181 satis
836 1133 956 1198 coneht,
974 1120 1069 1180 aetatis
1085 1118 1148 1180 illins
1162 1115 1232 1178 rohas

146 1197 277 1280 nequiter
308 1207 339 1258 et
374 1196 508 1258 scelerate
532 1193 740 1278 corrupisseL
779 1218 823 1258 cm
846 1197 939 1279 pravis
960 1193 1115 1288 hgrnentisq
1139 1211 1232 1255 onnus

145 1273 247 1354 iniquis
273 1272 383 1356 legibus
411 1271 525 1334 miseras
553 1272 672 1348 animas,
703 1293 732 1334 m
763 1273 799 1333 tis
822 1293 853 1334 su
875 1272 1066 1336 erstitionihus
1089 1271 1182 1332 sitiant
1196 1267 1231 1328 lls'

146 1349 266 1410 cultum:
284 1347 360 1442 atqui
378 1349 482 1410 comari
501 1346 563 1408 vult
583 1349 713 1412 Christus
732 1369 831 1411 eorum
849 1295 1016 1426 doctrinam,
1034 1347 1089 1409 acsi
1110 1367 1190 1408 cornu
1201 1355 1231 1424 tp·

145 1424 255 1486 rnnnidi
277 1433 409 1487 resistere
434 1425 473 1486 las
496 1444 557 1484 non
580 1436 663 1486 esset.
713 1425 813 1486 Facilis
832 1435 875 1486 est
897 1425 1016 1501 solutio,
1040 1443 1097 1484 non
1113 1421 1231 1504 simpliitrr

146 1499 272 1563 conferri
297 1499 449 1582 quamlibet
472 1499 629 1562 doctrinam
647 1521 718 1562 cnm
737 1501 809 1579 vita,
832 1503 881 1564 aed
898 1501 954 1564 hoe
974 1499 1089 1563 Christo
1107 1499 1176 1560 luisse
1189 1515 1229 1578 pro

167 1577 284 1654 mitum,
310 1598 326 1638 a
346 1577 473 1660 profanis
493 1595 592 1638 eorum
612 1577 744 1658 operibus
761 1577 924 1640 discernere
941 1589 1066 1640 sanctam
1084 1575 1135 1638 Dei
1150 1575 1232 1660 legen

175 1676 219 1714 am
243 1655 345 1715 aedera
368 1657 399 1713 r'n
425 1655 572 1714 cathedra
591 1655 684 1713 Masis
703 1653 771 1714 nihil
790 1654 863 1715 alind
888 1665 945 1732 est,
968 1675 1051 1738 qnam
1071 1673 1103 1712 ex
1120 1653 1183 1734 Lege
1197 1651 1233 1707 llo

146 1730 273 1806 tradere,
297 1731 441 1811 quomodo
459 1729 609 1792 vivendum
630 1730 675 1791 sit·
724 1729 894 1812 Quanquam
920 1743 1014 1792 autem
1034 1729 1101 1790 mihi
1116 1748 1165 1787 non
1179 1735 1233 1784 culo

146 1817 267 1881 constat,
296 1804 372 1866 unde
390 1817 500 1886 sumpta
519 1805 555 1868 sit
573 1805 600 1865 lo
642 1805 713 1882 utin,
737 1807 891 1890 probabilis
911 1819 1005 1868 tamen
1026 1818 1068 1867 est
1086 1825 1172 1865 eorum
1186 1821 1233 1859 enn-

145 1883 261 2018 iqppurp‚
281 1881 335 2036 qpi¹
348 1880 567 2034 afflggsestqm)
579 1894 709 2021 reptent
727 1903 811 1964 quern
831 1883 923 2020 {poppe
941 1883 1052 2018 Esqlrans
1069 1879 1233 2017 qnqprlpcqig·

145 1979 382 2109 ilerdritiffordine
400 2001 553 2118 suigehanl
570 2002 620 2116 qni
642 1971 826 2098 panoqqterpsru
845 1980 1033 2098 eianinierha
1053 1979 1154 2093 liniunt
1196 2029 1232 2086 lt·

144 2131 211 2205 gem
229 2131 300 2172 vero
319 2111 407 2192 ipsam
426 2129 460 2169 ex
482 2110 599 2171 editiore
618 2111 682 2173 loco
701 2111 875 2210 'promulgari
891 2109 966 2172 l'orte
986 2111 1075 2171 moris
1094 2107 1148 2168 fuit.
1177 2105 1233 2164 Sedet

144 2185 617 2325 'ecthetttttltl‘teltbstf
635 2207 878 2325 '‘tt‘t‘t'tit
905 2177 1233 2325 hildimini

145 2339 191 2402 hic
210 2349 338 2399 notatur:
358 2337 421 2420 quin
440 2337 504 2400 ideo
523 2285 736 2401 audiripiernis
755 2339 833 2401 inhet
853 2339 992 2417 christu,
1013 2285 1090 2423 quird
1108 2333 1192 2420 publici
1205 2351 1232 2390 te

145 2427 209 2478 sent
233 2413 373 2477 Ecclesiae
397 2414 538 2477 doctores.
598 2416 716 2498 Papistis
738 2417 804 2478 satis
823 2427 865 2478 est
882 2415 964 2478 titulo
983 2415 1123 2498 praeditos
1139 2429 1196 2482 esst,
1212 2427 1231 2465 et

143 2492 238 2553 locum
263 2509 415 2572 occupare,
444 2491 493 2571 qui
515 2490 593 2572 leges
619 2493 779 2574 imponunt.
837 2495 904 2554 lluc
928 2493 1004 2553 enim
1030 2499 1158 2572 torquent
1176 2483 1231 2570 rethe

149 2566 265 2642 Christi,
306 2567 364 2628 uasi
382 2586 499 2628 necesse
517 2568 554 2628 sit
575 2568 741 2629 obedienter
758 2568 886 2652 recipere
906 2569 1039 2650 quicquid
1057 2566 1175 2628 mandant
1183 2561 1232 2621 ord·

144 2644 215 2704 narii
234 2589 373 2704 Eccicsiae
392 2642 542 2736 praesules.
592 2643 682 2726 Atqui
702 2645 767 2706 satis
784 2666 925 2727 superque
946 2643 1015 2707 haec
1035 2641 1160 2706 calomnia
1176 2635 1231 2698 relel·

143 2719 210 2780 litor
224 2719 314 2780 altero
333 2717 438 2781 Chresti
456 2719 559 2795 edicto,
579 2719 627 2781 ubi
646 2740 661 2781 a
682 2718 824 2783 fermento
843 2719 1058 2784 Pharisaeorum
1078 2716 1160 2780 careri
1175 2713 1230 2772 lultl

143 2794 319 2888 Siureiipere
341 2794 600 2888 auctoreUChristo·
621 2815 682 2857 non
706 2806 815 2858 tanturn
843 2796 884 2888 las
910 2809 964 2934 neq
989 2798 1040 2890 sed
1061 2795 1137 2858 etiam
1154 2795 1231 2866 nponet

143 2871 1232 3044 tlttttttffilittltlttttd{ittnt‘lttnl‘tttt‘nsshtl

142 3021 245 3084 buerit.
282 3023 395 3084 Demdc
413 3022 436 3084 si
455 3022 600 3084 hominum
620 3025 779 3106 praeceptis
796 3047 913 3087 suorum
933 3025 1118 3087 conscientias
1132 3015 1233 3102 utun

142 3113 201 3161 stus
226 3099 435 3194 obstringeret,
461 3099 531 3160 salso
551 3099 616 3164 alibi
635 3101 845 3183 pronuntiaret,
870 3102 972 3163 frustra
996 3104 1089 3163 Deum
1107 3095 1155 3160 coli
1170 3095 1232 3182 tque

141 3197 210 3236 num
229 3177 374 3238 mandatis.
413 3175 490 3236 Hinc
507 3189 634 3258 apparet,
661 3175 806 3239 Christum
828 3187 943 3238 eatenus
964 3197 1001 3258 po
1024 3177 1099 3236 ulum
1116 3175 1200 3257 hortap
1213 3175 1232 3221 nt

141 3251 240 3314 scribis
264 3264 374 3336 pareat,
412 3251 575 3334 quantisper
605 3253 632 3312 in
658 3273 726 3332 pura
751 3265 781 3312 et
800 3253 917 3335 simplici
936 3256 977 3315 Le
1001 3254 1247 3332 reinterpretatus

141 3339 266 3388 manent.
324 3327 403 3390 Scite
432 3328 507 3388 enim
537 3327 714 3412 Augustinus
743 3341 773 3388 et
800 3331 963 3411 appositea
1011 3327 1114 3391 Christi
1136 3331 1231 3404 mentun

141 3401 245 3466 scribas
263 3425 351 3486 super
370 3401 529 3464 cathedram
548 3403 635 3466 blosis
653 3405 778 3466 sedendo
797 3405 905 3500 Legem
924 3407 980 3468 Dei
998 3405 1125 3466 docuisse
1140 3403 1231 3478 upnnst:

140 3479 261 3558 ideoque
281 3499 348 3541 oves
370 3480 498 3541 debuisse
517 3501 616 3542 rocem
636 3480 754 3564 pastoris
774 3503 825 3562 per
844 3503 919 3560 rpsos
939 3480 1048 3558 audire,
1075 3487 1230 3560 tanqnauptt

140 3554 339 3616 mercenarios.
379 3555 491 3631 Quibus
517 3556 609 3618 verbis
635 3558 771 3618 continuo
796 3573 861 3640 post
887 3557 1012 3634 subiicit,
1036 3559 1112 3619 Dens
1129 3569 1186 3634 ergo
1197 3558 1246 3624 ptr*

139 3631 202 3692 illos
226 3630 322 3721 docet:
361 3653 409 3694 sua
436 3653 504 3693 vero
532 3633 555 3694 si
577 3633 681 3726 docere
699 3633 802 3726 velint,
831 3633 918 3695 nolite
937 3633 1048 3710 audire,
1075 3629 1153 3722 nolim
1168 3625 1229 3684 fine

140 3705 1228 3856 ll'ttttal⁰l⁰tttitnl⁶lnltt3:1¹'‘ttttnttttl‘tnstilti<

140 3857 209 3952 ispet
228 3859 382 3952 homiuemt
400 3861 449 3921 sed
467 3859 557 3954 ipsum
575 3863 667 3923 Deum
687 3807 854 3924 obedienter
875 3863 1001 3938 audiunt,
1019 3861 1083 3922 ideo
1102 3855 1188 3945 utiliter
1197 3867 1225 3904 tt-

140 3936 258 3997 dtuntur
277 3957 324 4028 qus
344 3947 428 3996 ettam
447 3935 553 3996 uulrter
570 3959 629 3998 non
650 3953 746 4022 agunt.
779 3938 920 4000 Cathedra
939 3957 1009 4022 ergo
1029 3957 1086 3996 non
1105 3931 1223 3995 sennenn

139 4012 188 4074 sed
210 4013 299 4073 Mons
318 4010 440 4102 cogebat
460 4031 509 4072 cos
528 4011 603 4074 hona
622 4015 741 4089 docere,
762 4014 844 4076 etiam
862 4035 922 4075 non
941 4014 1016 4074 hona
1033 4011 1162 4072 iacientes
1191 4001 1221 4083 55¹
1243 4035 1244 4048 ε

139 4087 226 4223 :Q
238 4087 361 4224 qqeeqqpt
383 4107 414 4148 m
437 4086 493 4149 vita
518 4109 580 4150 sua:
616 4091 721 4152 docere
744 4101 836 4152 autem
855 4113 918 4168 sua,
938 4090 1065 4153 cathedra
1083 4107 1129 4148 ως
1144 4099 1190 4142 non
1203 4095 1222 4132 n·
1243 4071 1244 4122 l

140 4308 180 4327 ..
214 4242 248 4327 4
284 4241 436 4322 Colligeret
454 4243 530 4300 aum
548 4261 648 4303 ormo.
691 4243 759 4303 Non
779 4253 889 4304 accusat
909 4243 1027 4318 serebas,
1045 4235 1118 4322 quasi
1136 4229 1223 4294 duristl

139 4331 241 4400 pnrqms
266 4312 377 4396 legibus
398 4313 502 4377 nnhnas
529 4319 676 4406 tyrannice
699 4317 867 4400 opprimant.
914 4318 1039 4380 Tametsi
1063 4314 1128 4375 enirn
1150 4304 1243 4386 nultos¹

139 4385 308 4448 reduxerant
333 4407 522 4470 supervacuos
542 4403 613 4454 ntus
639 4395 688 4472 (ut
712 4405 791 4475 patet
815 4413 850 4455 ex
873 4393 932 4456 aliis
955 4393 1054 4471 locis),
1076 4407 1141 4452 nnnc
1156 4393 1243 4457 ”mli
