2522 4852
170 250 211 313 m
357 238 511 307 SECTIO
532 245 589 308 111.
625 245 704 310 insu
723 261 874 309 narsum
891 263 934 308 ur
953 261 1123 308 ιιιιιιιιι.

180 393 257 455 eires
279 385 446 453 ssbnslnt
469 385 616 468 novitate,
653 393 765 454 etiamsi
795 383 903 453 iaeinm
928 391 1063 452 nuntium
1087 391 1124 451 de
1145 385 1249 470 neges

182 481 253 532 nato
274 469 380 549 rupidr
400 469 583 549 exciperent:
603 467 650 531 sel
671 469 752 551 quod
771 471 854 530 maiis
873 472 988 543 assucti,
1009 481 1039 528 et
1057 480 1175 548 proptor
1191 467 1249 532 dion

183 565 249 607 uam
269 545 440 628 patientiam
460 546 593 607 obducto
612 546 688 607 colio
707 547 901 607 mutationem
919 546 1086 619 timuerint,
1110 565 1146 602 ne
1164 543 1249 622 quain

183 634 354 684 rasceretur
371 622 467 681 maior
485 622 591 682 ciadrr.
632 623 683 683 Sic
712 625 789 684 enim
814 623 962 684 continuis
983 621 1066 681 briiia
1086 620 1173 681 attriti
1191 619 1249 680 ioan

185 711 217 762 rt
238 717 334 794 prope
358 717 478 758 consum
515 700 539 772 i,
564 711 599 759 ut
617 699 676 760 iliis
693 703 797 762 misera
818 712 848 759 et
866 698 991 760 rrudeiis
1010 698 1130 759 servitus
1153 717 1209 755 cun
1242 713 1249 754 ι

183 787 342 840 coniuncta
361 795 424 834 non
443 786 476 835 to
488 773 606 836 erabilis
624 777 726 851 modo,
746 775 796 837 sed
817 797 836 835 o
860 775 956 835 utitis
975 793 1095 866 quoque
1112 773 1193 833 iuret.
1215 717 1249 836 lid

183 851 369 938 perspicitur,
389 871 474 930 quam
494 851 569 936 maie
587 854 784 944 profecissent
800 797 923 913 suiDei
944 851 1079 944 hspelhs:
1098 849 1249 928 obtorpuen

185 932 263 1064 enirp
288 941 427 1064 sstuporr,
451 927 564 1065 ukiam
591 931 652 1022 riiiq
674 931 815 1065 prprqipsa
840 930 1059 1064 redsmpntqutpt
1077 926 1150 988 salus
1167 924 1249 1014 quodq

184 1023 683 1219 {riqiq‘ieisffiso,iiiiqiii
694 1019 999 1217 ,dqiitbhi'inff
1009 1023 1114 1140 stit*
1128 1017 1249 1156 iiiiii

184 1179 218 1223 au
258 1178 274 1218 e
339 1179 414 1216 num
470 1178 577 1218 araes
611 1179 620 1216 ι
660 1177 832 1219 romrssara
857 1177 971 1218 recrran

262 1242 291 1299 4.
332 1177 501 1294 Gomgdtir
516 1179 718 1296 modoino.
757 1235 887 1296 Tametsi
907 1235 944 1294 de
965 1233 1085 1295 Christo
1111 1231 1194 1292 aitum
1213 1226 1249 1290 siit

185 1315 260 1375 tium
280 1323 343 1372 erat
361 1311 393 1388 in
418 1310 482 1372 auia
504 1312 647 1388 Herodis,
671 1311 757 1373 simui
782 1324 879 1372 tamen
906 1332 939 1370 sc
959 1309 1049 1391 Regis
1068 1309 1180 1368 mentio
1202 1305 1249 1378 inid

185 1391 245 1452 init
266 1409 284 1450 a
307 1387 417 1524 napis,
440 1387 563 1449 renium
585 1390 615 1448 in
640 1401 770 1448 mentem
795 1387 986 1480 prophetiae,
1010 1403 1086 1466 quae
1109 1387 1138 1444 in
1162 1381 1249 1470 oblivii

184 1468 267 1550 prius
290 1465 353 1524 iace
376 1475 436 1524 ant.
480 1461 612 1526 Proinde
634 1467 729 1526 statim
755 1465 877 1525 coniicit
902 1463 1056 1536 Herodes,
1087 1461 1192 1542 Rrgen
1212 1458 1249 1532 siin

188 1545 226 1604 de
252 1560 312 1622 quo
338 1553 483 1622 quaerunt
507 1543 599 1624 magi,
625 1542 761 1602 Messinm
787 1559 849 1601 csse
875 1540 946 1601 oiim
972 1538 1110 1616 divinitus
1135 1535 1249 1616 promissi]

185 1618 285 1699 Atque
305 1617 372 1676 hinc
392 1637 505 1676 rursum
518 1631 650 1700 apparet,
669 1620 746 1679 scrin
765 1617 895 1677 timuisse
907 1616 1069 1689 Herodem,
1089 1615 1155 1674 dum
1173 1613 1207 1672 itr
1222 1619 1249 1668 au

183 1695 320 1777 inquirit:
345 1713 400 1754 nec
419 1693 534 1754 mirum.
574 1695 675 1767 Quum
696 1696 774 1756 enim
793 1692 959 1754 meticulosi
982 1693 1041 1752 aiut
1060 1709 1161 1752 omncs
1181 1697 1249 1768 qun

185 1785 217 1835 et
236 1771 301 1852 pius
321 1769 378 1830 iiiis
396 1772 519 1831 terroris
540 1772 654 1854 inhigst
672 1791 723 1832 sua
742 1772 873 1852 ipsorum
893 1769 1023 1844 saevitia,
1041 1787 1128 1848 quan
1147 1765 1202 1825 aliis
1217 1763 1249 1834 int

185 1852 251 1922 tiat,
272 1846 422 1908 hier-odem
444 1867 514 1928 prae
534 1847 597 1910 aliis
617 1849 754 1929 pavidum
774 1865 837 1908 esse
857 1846 1003 1927 oportuit,
1021 1857 1055 1906 ut
1074 1847 1129 1924 qui
1143 1861 1173 1903 ιι
1188 1839 1249 1904 admi

186 1927 255 1988 lieo
274 1941 399 2006 regnare
418 1925 549 1984 sentiret.
588 1925 685 1986 Porro
704 1945 782 1986 nova
801 1923 873 1984 haec
892 1922 1044 2001 inquisitio
1066 1919 1202 1991 ostendit,
1233 1933 1245 1970 u

187 2018 299 2065 crassus
317 2011 387 2060 ante
403 2019 558 2082 magorum
578 2002 734 2062 adrentum
747 2001 860 2062 Christi
879 2009 1067 2088 contemptus
1087 1997 1189 2084 inisset
1214 1935 1235 2062 ὃ

187 2080 301 2142 sincere
321 2097 355 2136 er
374 2077 527 2158 Scriptura
546 2079 729 2160 respondent
750 2077 864 2137 scribas
890 2086 922 2136 rt
946 2073 1102 2156 pontifices
1127 2075 1188 2152 (an
1207 2077 1249 2153 tint

186 2167 292 2238 postea
312 2153 424 2214 furiose
442 2175 559 2215 currum
583 2175 632 2215 ere
652 2167 743 2216 totam
756 2154 937 2235 Scriptorum
949 2151 1046 2211 conati
1056 2160 1135 2222 sunt,
1146 2166 1180 2206 nr
1191 2143 1249 2230 Chri

187 2249 300 2292 nomen
320 2229 450 2308 darent),
474 2233 542 2293 ideo
562 2175 671 2294 iactum
692 2243 749 2307 est,
774 2232 841 2312 quia
862 2229 993 2290 nondum
1012 2227 1152 2287 molestus
1170 2231 1222 2281 ent
1234 2209 1249 2306 ιιΙ

187 2308 323 2371 Christus
347 2329 413 2368 cum
440 2327 494 2369 suo
521 2308 693 2392 Evangelio.
751 2305 801 2368 Sic
831 2323 934 2368 omnes
962 2304 1043 2396 impii
1074 2303 1104 2364 in
1134 2293 1249 2383 genusii

187 2385 282 2468 princi
305 2385 337 2445 iis
356 2385 426 2445 Deo
444 2385 530 2446 iaciie
549 2385 751 2459 subscribunt,
774 2384 826 2445 sed
852 2383 903 2443 uhi
928 2399 1050 2463 proprus
1075 2399 1126 2440 eos
1146 2391 1233 2461 urgete

188 2461 786 2598 itis„tit‘tttn⁰⁰¹tttss¹tt⁰tt
802 2455 1244 2596 tttttffltthdttzt',

188 2613 391 2676 controversia
410 2561 542 2675 iatentdd
563 2559 748 2710 unipeiiiturn
768 2615 825 2673 Dei
846 2559 965 2684 ditium,
991 2629 1082 2670 carne
1107 2620 1199 2669 nostra
1216 2601 1239 2659 iu

188 2701 271 2765 turn,
297 2701 329 2749 et
353 2691 384 2748 in
404 2691 516 2752 duabus
534 2703 644 2752 naturus
663 2711 751 2750 unam
771 2690 829 2748 Dei
853 2701 884 2748 et
904 2687 1029 2748 huminis
1048 2701 1197 2767 personam
1213 2695 1238 2757 ug

188 2778 287 2829 scunt:
312 2766 363 2826 sed
387 2766 439 2827 uhi
457 2779 577 2828 ventum
602 2780 649 2830 est
671 2768 706 2827 ad
727 2766 838 2829 Christi
862 2765 1000 2826 virtutem
1025 2777 1055 2824 et
1081 2762 1214 2830 officium,

189 2843 274 2904 ardet
292 2843 458 2918 conflictus,
478 2845 545 2924 quia
565 2845 596 2904 in
616 2845 752 2907 ordinem
772 2842 890 2924 recogi
911 2861 972 2900 non
990 2841 1150 2912 sustinent,
1168 2857 1196 2896 ac
1212 2851 1233 2888 n

189 2920 286 2979 minus
306 2920 337 2978 in
357 2919 480 2980 nihiium
500 2922 604 3003 redigi.
642 2923 679 2982 ln
698 2941 822 2993 summa,
842 2930 986 2999 quatenus
1006 2917 1079 2977 nihii
1098 2917 1153 2978 sihi
1171 2905 1242 2971 detti

188 2995 336 3132 pquhunt
354 2995 451 3078 impii,
475 2997 543 3060 Dro
565 3010 595 3058 et
614 2999 784 3080 Scripturas
803 2995 913 3076 aliquid
938 2995 1122 3057 reverentiae
1145 2983 1237 3052 conred

233 3073 252 3131 d
272 3068 323 3133 uhi
343 3076 484 3135 consertis
503 3075 635 3136 manibus
656 3097 722 3136 curn
734 3073 906 3148 ambitione,
927 3072 1054 3148 avaritia,
1077 3072 1161 3144 fastu,
1177 3077 1246 3146 perse

190 3149 306 3226 fiducia,
327 3149 346 3208 h
389 3151 475 3210 ocrisi
495 3163 525 3210 rt
545 3151 695 3213 fraudibus
716 3150 806 3213 tondi
830 3149 852 3209 't
872 3149 1022 3224 Christus,
1041 3161 1114 3208 tunc
1132 3143 1231 3229 omnis·

192 3225 303 3287 dentiae
323 3171 409 3287 odiri
429 3228 459 3286 in
478 3227 588 3288 rabiem
608 3221 754 3290 feruntur.
780 3227 914 3286 Sciamus
932 3245 966 3285 er
988 3246 1018 3301 o,
1038 3225 1168 3317 hostibus
1184 3238 1231 3279 ven

189 3303 378 3440 perapqipuam
398 3305 614 3440 rxqqecattionis
626 3327 738 3366 causam
753 3321 815 3365 esse
827 3323 933 3384 prasos
951 3325 967 3366 a
1010 3314 1084 3381 ctus,
1103 3323 1152 3384 qur
1170 3298 1244 3358 lucen

222 3401 241 3440 ιι
284 3400 441 3441 rsconrc
473 3401 534 3440 uo.
793 3409 796 3412 ·

266 3462 294 3519 6.
332 3455 375 3514 Es
392 3471 423 3514 ro
441 3455 615 3518 Bethlehem·
654 3459 724 3519 Non
744 3458 865 3519 dubium
887 3471 945 3534 est,
969 3457 1040 3538 quin
1061 3455 1170 3519 scribae
1186 3441 1249 3520 fideii

189 3551 241 3593 sua
260 3531 359 3612 lingua
377 3533 537 3594 verborum
557 3546 726 3596 contextum
747 3536 910 3610 citaverint,
930 3535 1023 3616 quaiis
1043 3545 1134 3595 exstat
1152 3521 1243 3624 spodi

189 3608 317 3688 phetam.
343 3609 403 3669 Sed
416 3609 580 3671 Matthaeus
598 3611 666 3671 satis
687 3611 787 3674 hahuit
807 3613 905 3674 iocum
924 3624 1039 3672 notare.
1068 3613 1108 3672 Et
1125 3629 1187 3690 qun
1204 3619 1242 3684 gra

187 3683 352 3762 scrihebat,
377 3698 524 3767 receptam
545 3687 704 3748 lectionem
723 3702 863 3768 sequutus
882 3701 935 3752 cst.
973 3689 1049 3750 Nam
1069 3708 1104 3748 cx
1124 3688 1176 3746 hoc
1193 3681 1245 3739 ioco

187 3759 329 3822 simiiibus
349 3762 491 3844 colligere
509 3777 680 3846 promptum
699 3777 754 3839 cst,
774 3767 873 3850 iingur
893 3765 1030 3828 hebraica
1048 3785 1110 3826 nun
1130 3739 1249 3824 suissed

150 3909 155 3912 ,
188 3839 317 3916 positum
338 3837 375 3898 ab
396 3859 433 3900 eo
453 3839 654 3932 Evangeiium.
692 3841 789 3904 Porro
810 3845 868 3905 hoc
890 3862 1008 3925 semper
1032 3838 1228 3903 observandum

189 3913 307 3992 quoties
330 3915 449 3994 aliquod
476 3918 648 3996 Scnpturae
672 3919 872 3981 testimonium
897 3919 1033 3981 sitroth
1056 3917 1159 3992 ostoii,
1183 3929 1228 3992 qut

188 4007 252 4048 non
280 3991 406 4051 reddant
428 3991 551 4051 verbum
580 4009 614 4050 ex
636 3994 745 4072 verbo,
776 3998 837 4058 imo
862 3997 1009 4058 interdurn
1035 3939 1127 4077 iunge
1156 3986 1236 4051 discrd

188 4079 390 4147 congruenter
413 4079 511 4128 tamen
539 4079 570 4128 et
594 4089 610 4128 a
633 4073 728 4151 posite
751 4073 787 4133 ah
813 4073 871 4134 iilis
896 4075 932 4134 ad
957 4095 1070 4134 causam
1093 4059 1242 4131 accomnod

109 4177 122 4186 -
188 4141 428 4231 Qurrussmper
446 4091 632 4206 attendenti

187 4217 356 4297 Scripturas
381 4221 479 4298 lucos,
503 4242 541 4281 ne
567 4226 739 4305 sumpniose
762 4227 792 4286 in
819 4227 939 4310 singulis
963 4227 1061 4288 verbis
1085 4225 1221 4286 insistant,

186 4296 322 4370 contenti
340 4297 400 4356 sint
419 4297 476 4358 hoc
496 4319 567 4374 uno,
588 4303 669 4380 quod
689 4302 841 4382 Scriptura
859 4323 1009 4384 nunquam
1029 4305 1065 4365 ah
1085 4301 1139 4362 iiiis
1158 4309 1245 4370 torqut

183 4369 215 4430 iu
234 4371 361 4434 aiienuns
377 4394 505 4453 sensum,
524 4379 575 4438 ssd
595 4380 718 4459 proprie
736 4381 767 4440 in
787 4383 948 4462 genuinum
968 4401 1052 4444 usum
1071 4389 1189 4460 aptatur·
1207 4349 1249 4444 P⁰i

633 4159 762 4224 sutores,
787 4171 927 4230 quorsum
951 4150 1096 4211 adducant
1114 4137 1246 4223 mangelt
