2502 4854
272 249 334 326 (9⁶.
351 241 445 310 Dine
462 247 497 308 is
514 243 604 308 urbes
624 242 797 325 Galilaeae.)
1038 253 1099 318 m

19 393 119 458 hiaent
134 394 265 472 virtutes,
286 413 369 479 quae
391 393 497 459 laetae
518 403 592 460 sunt
613 397 648 460 in
669 391 772 473 vobis,
793 393 872 460 olim
893 395 928 458 in
948 410 1044 462 socco
1066 406 1099 462 et

18 495 95 556 cinere
111 489 254 558 scelerum
275 515 405 560 suornm
428 496 660 582 poeniteutiam
684 499 832 582 egissent.
875 493 926 560 22.
948 495 1099 564 Attamen

18 593 68 658 lico
83 591 178 670 robis,
207 595 299 679 Tyro
332 605 365 660 et
383 595 502 662 Sidoni
526 595 730 664 tolerabilius
752 599 813 661 erit
838 596 873 659 iu
895 593 950 660 die
977 595 1099 675 iudicii,

18 711 81 778 quar
98 692 189 759 robis
228 695 279 760 2⁴3.
300 694 343 760 Et
362 705 398 760 tu
420 689 644 782 Caperuaum,
672 715 757 782 quae
780 713 940 781 esusque
962 696 1003 761 ad
1025 719 1101 764 eoe-

18 793 57 858 luu
73 793 196 871 exaltata,
218 816 321 882 usqne
343 793 384 860 ad
407 795 531 864 inferos
553 795 745 861 detraheris:
768 797 922 882 quoniam
943 797 970 862 si
992 797 1026 862 in
1038 797 1099 864 So-

17 891 86 958 louis
102 893 197 962 editae
218 895 355 960 luissent
375 897 524 974 virtutes,
552 917 635 982 quae
658 895 767 962 editae
788 897 919 964 suntin
940 905 988 976 te,
1010 919 1099 966 man-

16 997 92 1060 risent
108 1017 203 1083 tuque
222 998 257 1062 in
277 995 472 1062 hodiernum
493 994 591 1061 diem.
631 998 683 1062 ot.
703 997 927 1062 Veruntamen
946 996 1022 1062 dioo
1039 1019 1098 1066 vo-
1207 1005 1208 1009 ’

17 1091 56 1170 lis,
75 1095 149 1261 qupd
169 1106 274 1162 terrae
296 1094 514 1164 Sodomorum
536 1094 741 1164 tolerabilius
761 1097 821 1164 erit
842 1099 876 1164 iu
899 1095 954 1165 die
975 1098 1098 1181 iudicii,

21 1201 112 1278 plauti
133 1199 151 1262 i.

67 1327 150 1397 tue.
170 1333 207 1396 X.
255 1333 306 1398 13.
333 1335 406 1398 Vae
434 1329 495 1398 tibi
522 1329 706 1408 Chorazin,
732 1351 793 1397 vae
820 1329 880 1398 tibi
906 1329 1099 1400 Bethsaida:

21 1429 105 1514 pho
134 1435 166 1498 in
188 1431 284 1519 'l'yro
312 1443 344 1498 et
365 1431 490 1500 Sidone
522 1434 630 1502 editoe
665 1433 801 1498 inissent
830 1435 979 1514 virtutes,
1012 1455 1097 1522 quse

26 1527 87 1594 tl'tae
102 1542 171 1598 sunt
190 1535 224 1598 in
245 1531 361 1613 vobis,
382 1531 461 1600 olim
479 1535 513 1598 in
533 1553 628 1600 saoeo
651 1543 683 1598 et
704 1535 814 1597 cinere
835 1531 1000 1620 sedentes
1016 1539 1099 1622 egis-

27 1633 302 1718 impoenitentiam.
358 1631 410 1698 ts.
436 1633 660 1699 Veruntamen
682 1631 776 1718 'l'yro
799 1641 831 1696 et
852 1629 969 1699 Sidoni
988 1636 1099 1701 remis-

22 1727 115 1798 a'uerit
132 1735 165 1798 iu
186 1731 322 1813 iudicio,
343 1755 438 1820 quarn
456 1730 561 1812 vobis,
603 1733 653 1812 15.
674 1731 718 1798 Et
728 1743 763 1799 tu
775 1727 992 1818 Capernaum,
1013 1757 1097 1822 quae

20 1833 123 1913 roem
141 1831 271 1900 eoelum
294 1831 434 1899 exaltata
461 1854 511 1912 es,
537 1855 642 1920 usque
668 1835 702 1898 iu
724 1833 886 1900 internum
910 1833 1100 1902 detraheris.

19 1925 44 1988 li
59 1929 108 2016 Qui
124 1953 181 1998 vos
202 1932 303 2012 audit,
324 1953 376 1998 me
399 1931 503 1998 audit:
524 1942 557 1999 et
578 1934 634 2020 qui
653 1954 714 1998 vos
734 1937 866 2022 speruit,
885 1955 937 2001 me
959 1938 1098 2024 spernit:

18 2031 146 2110 triantem
166 2056 217 2102 me
237 2037 376 2121 spernit,
399 2035 525 2120 speruit
547 2053 620 2098 eum
642 2035 698 2122 qui
716 2037 802 2101 misit
820 2056 881 2102 me.

61 2157 143 2222 llatth.
160 2167 208 2229 ω.
250 2163 341 2224 Tem
365 2165 460 2256 comsit
487 2162 681 2256 amntem.
713 2163 828 2258 'Lucas'
854 2163 1003 2258 exppimjt,
1035 2182 1095 2245 quo

17 2240 292 2400 tttstpthlt
311 2261 470 2400 totth
486 2240 1100 2410 'tetihstt‘hll‘thtsttthttt

17 2393 66 2472 tto
80 2399 231 2452 trrnseursu
253 2394 425 2454 nsrntiarent
449 2395 549 2455 adesse
568 2414 601 2452 re
624 2415 693 2454 uum
713 2395 787 2470 Dei,
813 2412 916 2455 eorum
938 2393 1101 2478 ingratitu-

17 2459 78 2522 lmen
93 2479 231 2547 reputans,
251 2469 331 2550 apud
395 2491 427 2530 os
447 2471 496 2532 diu
516 2471 579 2532 sine
600 2413 877 2551 ducsuerophene
896 2489 1002 2564 munus
1016 2487 1098 2530 exer-

16 2551 90 2614 trtrat,
115 2557 143 2604 et
164 2545 271 2606 multas
298 2545 346 2606 edi
369 2557 432 2607 erat
456 2547 595 2622 virtutes,
624 2549 655 2608 iu
677 2547 726 2610 bas
744 2565 834 2609 voces
858 2555 1012 2630 prorupit,
1041 2547 1100 2610 acti

16 2609 100 2694 ἤια,
115 2620 167 2681 iam
182 2623 440 2702 senissetempus,
461 2645 520 2704 quo
540 2641 572 2686 se
591 2625 627 2685 ad
648 2623 715 2686 alias
734 2623 822 2685 urbes
835 2623 997 2699 coulerret,
1016 2633 1102 2704 post-

17 2705 69 2776 tuu
84 2709 205 2778 expertus
229 2697 330 2759 luerat
355 2699 498 2761 indociles
525 2721 559 2760 ac
579 2701 747 2784 deploratae
772 2698 900 2762 malitiae
920 2699 998 2762 illins
1017 2700 1100 2782 ripae

17 2767 101 2846 udas,
128 2772 177 2835 ubi
205 2773 402 2857 Enugelium
431 2775 602 2858 praedicare
633 2789 664 2838 et
694 2777 834 2838 miracula
864 2776 955 2838 edere
983 2797 1101 2838 exorsus
1202 2805 1207 2828 r

16 2837 82 2904 hene
113 2849 170 2910 set
189 2851 227 2912 de
247 2852 386 2913 doctriua
405 2863 504 2914 tacens
525 2853 698 2936 exprobrat,
724 2855 804 2934 quod
824 2852 968 2915 miraculis
987 2852 1102 2914 indocti

16 2933 51 2976 tte
66 2921 158 2986 tuens
175 2927 211 2988 ad
231 2927 447 3010 poeniteutiam
468 2949 482 2988 a
506 2933 620 2991 endam.
658 2931 731 2992 llam
752 2940 864 2991 certum
885 2941 946 3004 est,
969 2931 1001 2990 in
1020 2929 1101 2991 hune

16 2989 70 3086 lto]
84 3000 250 3066 mareota
271 3023 342 3065 suae
360 3004 475 3068 virtutis
525 3007 657 3068 ominum
677 3005 825 3090 prolerre,
844 3015 877 3066 ut
897 3007 933 3066 ad
953 3023 984 3066 se
1004 3005 1102 3067 homi-

17 3087 47 3128 re
60 3077 156 3140 usito:
185 3080 271 3162 atqui
291 3101 381 3162 quum
401 3093 504 3143 natura
524 3083 616 3145 aversi
636 3084 695 3144 sint
713 3082 750 3143 ab
771 3101 809 3142 eo
834 3101 952 3156 ornnes,
983 3081 1101 3142 initium

17 3155 184 3290 :pperiterptia
204 3157 273 3293 ἧιᾶἰ
292 3169 487 3295 necespphesp.
537 3159 737 3296 chemel
755 3155 911 3222 bethsaida
929 3156 1019 3219 urbes
1039 3177 1103 3219 esse

146 3253 213 3294 aeos
268 3253 375 3294 enezar
445 3253 513 3296 stas
534 3255 639 3296 noum
658 3253 688 3296 es
718 3250 721 3259 ·

40 3247 165 3386 ,llus
184 3311 218 3369 he
242 3309 315 3370 esde
335 3311 416 3390 Tyri
436 3323 464 3372 et
487 3309 618 3372 Sidonis.
663 3309 816 3388 Quoniam
835 3308 911 3394 Tyri
932 3317 962 3368 et
982 3305 1103 3369 Sidonis

17 3369 54 3432 llo
66 3395 171 3472 popter
189 3388 327 3449 viciniam
346 3387 463 3450 infamis
483 3399 547 3448 erat
564 3389 715 3482 impietas,
739 3409 771 3448 su
796 3385 876 3447 erbis
909 3383 1051 3480 luxuries,
1072 3397 1103 3446 et

16 3447 50 3509 *lt
64 3471 131 3534 uus,
155 3463 220 3524 data
241 3483 334 3556 opera
353 3463 430 3524 hauc
449 3477 699 3548 comparationem
726 3407 846 3525 adducit
866 3430 1015 3537 dunno,
1042 3482 1102 3543 quo

16 3531 179 3599 ttotludaeos
198 3559 294 3623 magus
334 3550 434 3624 ungat.
483 3540 599 3601 llorum
632 3541 711 3602 euim
741 3559 831 3601 nemo
857 3551 933 3614 erat,
967 3539 1103 3619 quinon

17 3595 100 3698 bloet
107 3611 211 3694 'l'yrlos
223 3627 255 3678 et
267 3617 299 3676 Si
320 3617 408 3678 unios
426 3635 483 3700 pro
503 3616 637 3678 nefandis
650 3617 708 3677 Dei
728 3615 992 3699 contemptoribus.
1019 3613 1103 3708 Ergo

16 3679 208 3752 olorensem
230 3713 311 3755 emm
336 3712 398 3753 non
423 3712 523 3774 parum
549 3693 705 3774 amplificat
729 3693 883 3768 Christus,
908 3711 998 3776 quum
1023 3691 1104 3768 dicit,

16 3749 57 3828 ilu
70 3767 232 3842 spasmum
258 3768 346 3830 luisse
367 3770 562 3830 correctionis
581 3791 615 3831 es
635 3769 691 3830 illis
717 3769 806 3846 locis,
835 3769 865 3829 in
886 3769 992 3853 quibus
1023 3768 1104 3829 nulla

15 3843 55 3918 “3¹
72 3857 98 3898 re
135 3843 180 3920 ⁸0,
209 3865 296 3926 qoam
322 3847 518 3926 appareatis
543 3845 606 3927 ipsa
630 3845 749 3906 Iudaea.
799 3845 958 3908 Caeterum
979 3863 1018 3905 ne
1038 3843 1104 3926 quis
1180 3894 1188 3905 .

15 3921 106 3980 ouem
141 3921 289 3982 earcanis
301 3919 360 3982 Dei
379 3921 495 3984 iudiciis
512 3921 701 4004 quaestiones
720 3934 848 3999 moreat,
866 3923 1028 3982 tenendum
1049 3927 1104 4012 est,

16 3981 212 4059 ‘denumerem
232 3999 375 4060 humanae
394 3999 501 4059 mentis
520 4010 638 4080 captum
653 3997 870 4061 accommodari
890 3999 968 4060 huuc
980 3997 1103 4058 Domini

17 4071 150 4154 ⁵²¹¹!an
200 4075 384 4158 Comparaus
416 4075 493 4138 eires
518 4075 673 4136 bethsaida
707 4086 738 4135 et
768 4095 871 4138 eorum
897 4074 1014 4137 vicinos.
1035 4089 1102 4131 cum

17 4127 86 4228 Tru
101 4157 128 4206 e
144 4147 271 4212 strom
313 4171 378 4212 aon
398 4151 544 4232 armam,
573 4151 643 4232 quta
690 4151 847 4216 aarum
865 4151 947 4212 nen
972 4148 1104 4208 tatarum

19 4203 137 4310 letttpel
152 4223 217 4304 illis,
236 4193 287 4288 sed
308 4227 379 4310 quid
399 4227 504 4288 tacturi
525 4227 635 4288 luerint
655 4171 751 4304 alteri,
771 4241 915 4310 qnatenus
935 4243 969 4285 ex
988 4241 1021 4283 re
1040 4220 1103 4314 ipsa

20 4297 100 4374 honr
116 4311 233 4380 poterat.
282 4305 357 4367 llam
378 4305 460 4386 quod
489 4313 548 4364 tam
573 4305 707 4387 corrupti
732 4316 816 4365 erant
844 4303 960 4364 illamm
984 4296 1103 4357 urbium

21 4375 101 4448 '⁰³³2
122 4394 153 4440 ae
172 4389 230 4442 tam
254 4379 378 4444 elireuis
402 4379 572 4460 dissolutio,
600 4379 785 4464 ignorantiae
813 4375 951 4459 imputari
975 4383 1103 4458 poterat,
