2522 4852
286 263 432 340 (ts-w.
452 260 582 324 ioannes
601 257 799 342 praedicans.)
1075 263 1114 326 ὥ

29 401 91 464 orte
156 402 193 421 ’⁰
254 413 390 486 ,quanta
411 401 501 466 inerit
518 401 614 466 'ianuae
633 402 696 467 eins
714 401 883 480 celebritas,
900 399 946 466 vei
964 401 1035 482 quia
1052 401 1114 466 Dei

28 481 143 542 orriirrr
176 483 231 558 ait,
255 503 352 544 rarum
375 481 408 542 in
436 499 473 542 eo
499 479 675 564 frugalitatis
694 479 843 560 exemplar
867 497 1054 560 proponere,
1078 493 1114 544 ut

27 557 65 616 boe
78 557 153 618 noio
164 557 284 620 iudaeos
303 557 436 620 alliceret
451 555 489 618 ad
509 557 662 618 doctrinae
682 559 743 620 eius
761 557 968 631 reverentiam,
986 556 1034 616 vei
1052 557 1112 618 sai-

25 633 284 724 tem-ingratitudinis
314 633 520 707 convinceret,
551 631 713 724 secundum
741 633 813 694 illud
847 631 959 696 Christi
990 631 1113 712 dictum,

26 710 213 852 mitiiffing
231 711 406 854 npiprpdepa
425 709 663 846 oleique-brbens,
682 722 746 848 eppn
779 710 858 848 Lups
870 710 999 862 3⁶⁶3&
1048 787 1110 850 Te.

24 862 150 924 rtinoaiun
168 864 369 943 poenitentiae
394 861 451 922 init
475 862 547 924 baec
570 863 735 925 confessio:
760 885 827 923 nam
852 863 940 926 sicuti
962 863 1111 928 Dominus

23 939 211 1000 'ammam
235 959 268 1002 se
295 939 378 1021 quari
403 939 473 1000 drto
498 939 696 1022 chirographo
721 939 808 1002 nobie
833 939 962 1021 obligat,
990 941 1031 1002 ita
1055 959 1129 1018 troo¹

22 1015 231 1152 popeopipissirn
250 1016 296 1078 ilii
315 1017 571 1152 responderedpar
590 1027 642 1106 est
680 1015 718 1109 lp
737 1015 887 1108 baptismo
907 1027 1044 1154 epotetur,
1060 1037 1111 1080 re-

23 1103 101 1258 aiii
111 1104 1111 1252 iiiiii&eiiii‘riaaffiiciffai'iiieai0⁸⁰a¹¹i1ii

23 1248 149 1323 teruntur:
177 1247 291 1328 alioqui
321 1246 395 1308 nibil
424 1267 512 1324 quan
536 1246 623 1307 inane
649 1258 725 1308 esset
754 1245 898 1308 ludicrum
927 1259 989 1310 tota
1020 1249 1109 1312 actio.

24 1317 86 1380 Perre
100 1323 249 1384 rotandum
271 1335 334 1399 est,
359 1320 521 1383 dendritis
542 1321 590 1383 bic
608 1322 699 1384 verba
718 1321 798 1398 fieri,
826 1345 901 1403 quos
919 1325 1025 1386 ecimus
1044 1346 1109 1393 nou

24 1397 140 1488 penitere
156 1399 186 1491 in
202 1399 371 1492 beciesiam
390 1398 690 1491 esseadmittendos,
705 1419 762 1460 nec
780 1399 928 1490 baptismo
946 1400 1109 1466 initiandos

25 1491 100 1620 ἴω
120 1477 725 1616 cppsghwpppsflanrspaemaffieaprrus
750 1476 861 1538 babrto.
900 1476 988 1540 Unde
1032 1478 1108 1542 alam

31 1569 240 1710 baturquelnt:
269 1575 371 1708 :abque
394 1573 474 1688 sibim
496 1594 621 1690 iderant
643 1629 790 1704 Sacrffiri,
815 1629 845 1690 in
870 1651 997 1710 querum
1022 1651 1109 1696 aures

28 1697 132 1764 Mna
148 1706 258 1789 singuli
277 1707 466 1767 insusurrant
482 1726 535 1767 sua
553 1715 683 1784 peccata,
702 1726 758 1766 aec
778 1708 815 1766 de
827 1707 964 1768 omnibus
982 1707 1110 1788 pcccatis

25 1775 156 1868 itptrtio,
179 1805 236 1844 nec
262 1783 374 1844 dieitur
391 1781 520 1843 Ioannes
545 1781 726 1843 ordinarium
751 1783 912 1845 confitendi
935 1786 1024 1844 ritum
1048 1784 1110 1849 suia

22 1853 120 1935 &aprio
134 1862 299 1922 undasse.
336 1859 403 1918 loro
423 1871 457 1918 ut
474 1859 602 1938 Papistis
621 1858 722 1920 denaus
743 1861 823 1940 quod
843 1859 994 1941 postulant
1035 1860 1108 1926 solie

20 1933 181 1998 cemanni,
200 1936 329 2018 propria
354 1936 411 1996 erit
429 1935 596 2010 consessio,
621 1947 689 2016 post
716 1935 891 2016 baptismum
916 1957 987 1999 vero
1019 1958 1108 2000 ocum

20 2009 178 2162 mebi.
218 2014 318 2152 Cepte
337 2023 442 2074 eontra
461 2012 583 2074 loannis
602 2012 767 2094 exemplum
793 2013 956 2080 confitendi
974 2015 1108 2098 legemr

103 2093 265 2170 opraescri
290 2101 353 2151 unt.
403 2125 405 2133 ‹

42 2244 100 2325 (PR)
134 2248 309 2314 ΜΑΤΊἨ.
337 2247 390 2312 ΙΙΙ.
433 2245 462 2311 7.
492 2245 603 2333 Quum
630 2257 738 2312 autern
762 2246 898 2314 vidisset
921 2244 1040 2315 multoe
1066 2267 1108 2316 ex

17 2335 147 2414 Pharnacis
168 2347 416 2416 etSadducaeis
437 2349 606 2413 venientes
628 2347 669 2413 ad
692 2345 883 2432 baptismum
905 2367 1008 2426 suum,
1028 2346 1109 2414 dixit

18 2439 61 2518 iia,
76 2447 237 2535 Progenies
257 2453 455 2536 viperarum,
476 2449 548 2534 quis
563 2447 661 2514 vobis
681 2445 941 2524 submonstravit,
962 2456 997 2510 ut
1017 2444 1109 2534 iuge-

16 2549 64 2608 tet'a
82 2569 96 2610 a
117 2561 250 2617 ventura
277 2553 349 2616 irai
389 2549 420 2615 8.
447 2550 559 2615 Facite
585 2552 682 2636 igitur
709 2548 832 2614 fructus
858 2547 973 2634 dignos
991 2552 1108 2636 poeni·

17 2649 86 2710 unia
120 2652 147 2716 9.
171 2653 216 2718 Et
238 2673 284 2718 ne
307 2651 454 2738 cogitetis
476 2651 587 2716 dicere
609 2653 642 2715 ia
663 2647 774 2728 vobis,
801 2651 927 2716 Patrem
950 2650 1106 2720 hebernus

17 2741 147 2818 naam:
168 2753 245 2820 dico
278 2753 367 2818 enirn
393 2749 505 2830 vobis,
532 2749 622 2837 quod
643 2753 744 2838 possit
764 2751 857 2820 Deus
883 2755 1038 2820 suscitare
1066 2774 1107 2820 ex

14 2841 133 2928 bpidibm
154 2853 204 2919 bie
231 2853 326 2920 iiiios
346 2849 541 2919 Abrabamo.
584 2854 634 2917 10.
653 2854 720 2916 lam
745 2871 828 2918 vero
855 2863 887 2918 et
912 2856 1035 2922 securis
1061 2853 1106 2924 ed

14 2945 111 3016 radicem
130 2952 286 3023 arborum
306 2957 411 3042 posita
440 2963 505 3019 eet:
534 2941 638 3019 omnis
661 2955 759 3040 igitur
783 2950 896 3030 arbor,
922 2975 1008 3041 quae
1035 2973 1105 3022 non

14 3041 60 3112 bnt
76 3051 199 3122 tractum
220 3055 362 3136 bonurn,
384 3053 542 3122 exciditur
564 3065 596 3120 et
617 3057 651 3120 in
673 3059 778 3140 ignem
799 3055 940 3118 mittitur.

679 1553 897 1616 confusionem
915 1554 995 1616 auric
1028 1575 1110 1619 arem

37 3165 113 3238 [ΠΕ.
133 3175 183 3241 lii.
227 3177 258 3241 t.
288 3173 430 3240 Dicebat
460 3195 538 3260 ergo
565 3171 608 3238 ad
636 3169 761 3250 turbas,
788 3192 872 3258 quae
897 3169 1042 3252 eribant,
1068 3183 1105 3240 ut
1213 3181 1223 3194 '

13 3257 209 3351 baptizarentur
238 3273 398 3362 abipso,
425 3273 604 3360 Progenies
624 3275 827 3360 viperarum,
855 3272 927 3358 quis
952 3269 1107 3338 submon-

12 3375 213 3460 enarrabis,
249 3388 287 3444 ut
313 3377 469 3462 ingeretis
496 3397 515 3440 a
546 3386 682 3441 ventura
709 3376 778 3440 irai
819 3373 851 3440 8.
879 3371 992 3438 Facite
1025 3375 1104 3462 ergo

12 3459 94 3536 honr
112 3475 226 3564 dignos
246 3478 460 3567 poenitentia.
489 3475 532 3540 Et
552 3496 595 3541 ne
617 3477 792 3563 coeperitis
813 3474 923 3539 dicere
944 3477 980 3538 in
1000 3473 1105 3555 vobio,

12 3559 99 3638 Parem
118 3575 275 3645 babemus
296 3575 475 3642 Abrabam:
497 3575 571 3642 dico
592 3579 676 3641 enirn
697 3575 804 3648 vobis,
823 3583 932 3662 potest
952 3574 1044 3640 Dens
1065 3593 1105 3640 er

12 3661 132 3752 hlitibus
164 3683 235 3746 istis
268 3681 424 3746 suscitare
450 3675 540 3744 tilios
568 3675 764 3744 Abrahanm.
812 3679 843 3741 9.
870 3675 936 3740 lana
963 3696 1043 3742 vero
1072 3685 1106 3742 ct

12 3779 95 3840 turis
118 3781 156 3846 ad
182 3780 326 3846 radicem
355 3777 510 3844 arborum
536 3780 643 3864 posita
669 3786 730 3840 est:
758 3778 863 3841 omnis
890 3796 968 3861 ergo
997 3773 1106 3856 arbor,

12 3887 64 3950 tuae
82 3897 141 3944 non
166 3879 244 3946 iacit
266 3879 403 3944 iructnm
424 3877 548 3944 bonurn
571 3875 743 3953 exciditur,
766 3885 798 3940 et
819 3878 853 3940 in
875 3878 980 3964 ignem
1003 3879 1105 3944 conii-

12 3971 71 4040 mur.
108 3981 154 4044 to
173 3981 217 4046 Et
237 3978 483 4067 interrogabant
505 4000 578 4046 eum
601 3976 724 4058 turbae,
747 3975 900 4058 dicentes,
922 3975 1012 4065 Quid
1025 3999 1103 4064 ergo

12 4063 145 4145 Pedanos?
185 4083 233 4147 11.
253 4082 474 4169 Respondeas
496 4091 603 4146 autem
625 4080 703 4145 dicit
724 4078 798 4156 illis,
820 4079 889 4164 Qui
905 4076 1006 4144 babet
1022 4079 1103 4146 duas

12 4175 110 4256 Punico,
135 4183 295 4271 impertiat
316 4203 384 4249 non
408 4181 556 4260 habenti,
578 4190 610 4245 et
632 4179 808 4268 quibabet
830 4199 937 4256 escas,
957 4175 1104 4242 similiter

12 4263 83 4342 boat,
120 4283 167 4350 12
196 4283 369 4352 Venerunt
390 4292 495 4348 nutem
523 4293 555 4350 et
581 4271 766 4370 publicani,
794 4289 828 4344 ut
848 4278 1104 4366 baptizarentur,

12 4375 172 4448 “inaniat
194 4386 233 4452 ari
255 4385 362 4466 iilum,
386 4385 555 4470 Magister,
584 4383 663 4470 quid
684 4367 858 4451 tentemus?
901 4377 951 4442 13·
982 4375 1024 4438 Λῑ
1046 4370 1102 4438 ῑῙΙθ
