2504 4852
100 261 140 326 ts
317 257 427 323 SECT.
447 254 532 320 xm.
572 266 740 318 smnosas
759 264 800 314 nr
820 261 1025 314 ramur.

101 414 177 484 Deo,
192 429 252 470 non
272 409 349 492 qnod
367 409 486 472 virtutes
504 405 739 492 repudiemus,
759 423 877 485 quarum
895 400 1006 463 taudem
1024 395 1148 460 humanis
1165 415 1228 457 cor·

102 489 183 548 dibus
202 487 357 570 impressit,
381 488 431 548 sed
494 486 518 545 ia
541 481 720 544 abominatur
740 483 832 553 Deus,
857 477 990 562 quicquid
1034 475 1131 556 roprio
1150 495 1229 533 sensu

103 566 232 624 homines
257 563 405 624 extollunt.
484 563 541 621 nde
568 571 696 640 apparet,
769 579 788 617 o
813 557 880 616 loco
910 557 1033 616 baboni
1060 555 1116 613 sint
1140 550 1231 638 beticii

103 662 202 702 omnes
227 641 332 715 cuitus,
357 659 428 720 quos
452 659 504 700 sno
522 637 641 696 arbitrio
660 655 727 694 mun
750 656 781 694 us
803 633 856 693 sibi
878 632 1005 705 fabricat,
1050 629 1232 704 Quarunnos

103 719 180 776 enim
204 718 260 777 suis
290 715 486 778 inventoribus
509 713 654 796 placeant,
684 711 813 772 Christus
835 728 895 768 non
919 709 1008 769 modo
1032 724 1121 769 vanos
1145 723 1233 764 corant

103 795 184 870 Deo,
205 806 235 854 et
253 793 332 853 nihili
353 812 415 854 esse
436 789 621 874 pronuntiat,
643 788 693 850 sed
715 787 799 848 etiam
819 784 953 846 foetidos.

179 1003 279 1085 (123.)
299 1003 404 1072 LUC.
417 1003 503 1070 xvt.
531 1001 581 1068 19.
597 1001 704 1066 Homo
719 995 849 1086 qnidam
863 1006 930 1063 erat
941 993 1042 1072 disca,
1061 995 1120 1080 qui
1134 850 1249 1163 ὴὲ

105 1107 200 1174 batur
226 1127 368 1194 purpura
398 1117 429 1172 et
453 1096 573 1192 bysso,
612 1113 644 1170 et
671 1101 861 1190 epulabatur
889 1097 1037 1187 qnotidie
1067 1093 1194 1184 splendi

102 1211 156 1278 20.
179 1211 256 1275 Erat
278 1218 381 1274 arrtem
405 1209 533 1297 qnidam
555 1205 732 1286 mendicus,
755 1207 885 1270 notariae
907 1203 1060 1279 Lazarus,
1082 1201 1143 1286 qui
1164 1201 1245 1287 iacq

103 1313 159 1380 bat
185 1312 227 1381 sd
256 1314 382 1377 ianuam
411 1316 480 1376 eius
508 1311 685 1376 ulcerosus.
736 1309 789 1372 21.
816 1309 858 1374 Et
884 1307 1019 1391 cupiens
1041 1304 1186 1368 saturari
1204 1295 1243 1369 d!

103 1419 209 1495 micis,
237 1435 321 1501 quac
343 1412 501 1480 cadebant
524 1411 564 1480 de
587 1433 697 1478 nicosa
720 1409 845 1478 divitis:
872 1406 930 1474 sed
959 1417 989 1470 et
1016 1427 1117 1471 canes
1140 1405 1241 1471 venis

102 1517 196 1598 bant,
217 1541 256 1584 ao
278 1516 442 1604 lingebant
463 1515 571 1582 ulcera
593 1517 672 1582 eius.
721 1513 774 1580 22.
797 1510 925 1580 accidit
946 1519 1061 1588 autern,
1083 1517 1122 1574 ut
1145 1525 1239 1574 moro

103 1633 191 1688 retur
214 1622 395 1700 mendicus,
428 1628 460 1684 et
485 1617 709 1705 deportaretur
736 1614 777 1679 ab
806 1611 928 1698 angelis
955 1615 990 1696 iu
1011 1614 1124 1677 sinum
1148 1609 1240 1681 aare

105 1723 180 1790 bae:
202 1733 349 1789 mortuus
371 1732 420 1788 est
441 1731 546 1787 autem
570 1730 600 1786 et
623 1719 721 1796 dives,
745 1737 783 1783 ac
804 1715 947 1806 sepultus
965 1723 1025 1779 est.
1062 1712 1122 1780 23.
1146 1713 1250 1807 Atqnp*

104 1824 190 1912 apud
216 1826 338 1892 interos
366 1823 507 1892 sublatis·
531 1823 635 1890 oculis
662 1824 749 1899 suis,
777 1841 875 1906 quoru
905 1827 989 1884 esset
1010 1818 1045 1882 in
1068 1815 1234 1897 tormenti}

102 1926 363 1992 videtAbraham
379 1929 513 2004 eminus,
537 1936 568 1993 et
589 1927 744 1990 Lazarum
766 1925 800 1988 in
823 1926 896 1987 sinu
918 1923 998 1987 eius.
1041 1920 1101 1984 24.
1124 1919 1169 1984 Et
1182 1921 1238 2004 ipa

103 2027 243 2098 clamans
266 2028 359 2110 dixit,
388 2027 681 2107 Pater'Abrabam
703 2025 952 2106 misereremei,
981 2032 1013 2088 et
1033 2023 1131 2088 mitte
1154 2021 1240 2087 Lam

103 2152 188 2210 rum,
210 2141 246 2196 ut
266 2132 402 2218 intingat
424 2142 598 2198 extremum
620 2129 711 2216 digiti
732 2131 785 2196 sui
805 2131 839 2195 in
862 2092 1246 2231 aquam,facre1riger{

103 2233 242 2320 linguam
265 2255 376 2314 meam,
398 2237 474 2324 quia
496 2236 625 2299 crucior
644 2235 679 2297 in
701 2231 825 2298 daroma
844 2231 913 2296 bac.
955 2230 1008 2294 25.
1028 2229 1130 2293 Dixit
1145 2224 1243 2303 ante(

102 2335 281 2418 Abrabam,
307 2336 384 2416 Fili,
413 2334 601 2422 recordare,
628 2335 720 2423 quod
746 2335 908 2422 receperis
934 2329 1021 2398 bona
1044 2341 1102 2396 tua
1126 2320 1244 2443 iniq

103 2449 166 2519 tua,
188 2451 220 2506 et
231 2442 371 2506 Lazarus
386 2441 530 2506 similiter
549 2437 646 2504 maias
668 2459 755 2506 nnnc
776 2449 881 2504 autem
901 2437 955 2502 bio
975 2434 1096 2502 solatio
1123 2431 1201 2498 ituit

105 2551 141 2608 tu
165 2563 244 2610 vero
272 2543 433 2609 nutriaris.
481 2543 534 2607 26.
562 2543 606 2607 Et
632 2541 836 2628 superhaec
864 2538 982 2617 orinia,
1010 2539 1098 2602 inter
1127 2446 1245 2611 nos}

104 2664 164 2710 ros
193 2643 299 2710 hiatus
326 2647 438 2732 iugens
459 2643 604 2711 firmatus
629 2655 689 2724 est,
717 2653 768 2722 ut,
797 2642 852 2730 qui
875 2641 988 2707 volunt
1008 2639 1086 2706 binc
1109 2639 1215 2706 tran'

104 2744 147 2810 sd
164 2759 243 2825 vos,
271 2749 500 2833 nonpossint,
526 2769 632 2835 usque
659 2749 755 2813 istinc
774 2744 839 2810 buo
859 2755 1065 2811 transmeare.
1115 2744 1176 2808 27.

104 2857 222 2928 autem,
244 2849 340 2934 Rogo
364 2870 442 2936 ergo
464 2860 508 2928 te,
529 2861 633 2938 pater,
656 2857 692 2915 ut
712 2851 817 2915 mittas
838 2869 911 2914 curn
932 2850 967 2913 in
989 2845 1128 2911 domum
1154 2868 1194 2934 pa

103 2951 175 3017 snei.
226 2951 282 3018 28.
308 2948 424 3017 Habeo
453 2953 537 3018 enim
566 2954 710 3039 quinque
734 2951 861 3031 iratres,
891 2960 926 3016 nt
952 2947 1151 3016 testificetur
1180 2920 1246 3039 itt*

103 3071 146 3118 ne
174 3055 294 3141 stipsi
319 3057 448 3120 veniant
474 3051 647 3121 inlocum
679 3053 766 3120 hunc
793 3055 962 3120 eruciatus.
1025 3053 1082 3118 29.
1117 3053 1211 3118 Ait'

103 3153 277 3232 Abrabam,
300 3157 427 3224 Habent
443 3159 562 3224 Mosen
585 3166 617 3224 et
633 3155 820 3244 Prophetas,
842 3151 972 3221 audiant
993 3151 1081 3222 iilos.
1128 3044 1248 3445 ab}

103 3257 159 3324 illc
182 3256 274 3338 dixit,
301 3261 394 3339 Non,
420 3269 513 3348 pater
533 3256 708 3326 Abraham:
730 3255 788 3324 sed
811 3259 838 3323 si
861 3260 933 3342 quis
956 3279 995 3322 ex
1016 3257 1163 3324 mortuis
1186 3261 1195 3322 i

103 3363 146 3426 rit
163 3360 205 3426 ad
228 3383 295 3443 eos,
316 3364 514 3449 resipiscent.
557 3361 609 3426 31.
632 3364 688 3426 Ais
709 3371 814 3426 autem
836 3359 892 3438 illi,
914 3360 949 3426 Si
965 3359 1088 3426 Mosen
1112 3371 1150 3426 et
1172 3361 1197 3424 P

102 3459 214 3551 phetas
236 3485 303 3530 non
326 3464 473 3546 audiunt,
502 3486 623 3554 neque,
655 3465 776 3553 siquis
804 3483 843 3530 ex
869 3464 1003 3532 mortuus
1024 3452 1250 3613 resurrcanq

103 3563 244 3634 credent.
1227 3618 1250 3657 q

177 3735 307 3814 [Tametsi
331 3734 384 3796 alia
408 3735 542 3816 quaedam
570 3733 672 3797 inserit
695 3738 799 3810 Lucas,
827 3755 888 3797 non
915 3746 1011 3796 tamen
1037 3733 1166 3796 dubium
1203 3776 1215 3785 -
1248 3760 1251 3779 i

101 3810 248 3950 pain-boc
267 3811 396 3894 exemplo
415 3813 575 3893 proximum
594 3833 757 3874 sermonem
778 3813 929 3874 confirma
948 3810 1090 3874 Christus.
1135 3811 1181 3874 Os
1202 3835 1237 3863 ·-·

123 3888 144 3948 't
163 3888 252 3964 enim,
273 3888 360 3970 prelis
382 3910 432 3949 eos
454 3889 581 3950 conditio
600 3900 728 3964 maneat,
751 3889 800 3970 qni
856 3886 979 3950 stbabita'
995 3907 1160 3968 pauperum
1204 3920 1216 3935 «ν

101 3985 134 4026 se
154 3977 234 4056 tptos
257 3964 295 4057 in·
312 3964 424 4026 delicias
440 3964 642 4055 ingurgitant,
665 3966 714 4046 qui
737 3987 784 4028 cra
804 3909 857 4028 αϊ
882 3977 913 4026 et
934 3963 1133 4044 uoluptatibus
1165 3998 1196 4017 0·
1216 3963 1242 3981 “

136 4062 359 4103 oxuuosmrsere
374 4063 481 4102 esurus
498 4055 604 4116 sinunt,
623 4043 682 4104 imo
704 4044 774 4104 crud
803 4043 858 4104 iter
874 4041 968 4112 inedia
988 4039 1162 4116 conficiunt,
1189 4066 1212 4091 ιι

121 4139 154 4178 us
168 4138 253 4200 opem
269 4119 345 4180 serre
363 4117 528 4192 debuerant
547 4139 634 4210 (prum
653 4130 818 4201 suppeteret
834 4117 889 4180 illis
906 4113 1034 4178 faedus.
1066 4117 1098 4192 Q
1147 4146 1216 4169 w«
1244 4140 1247 4143 ·

100 4205 195 4255 autem
215 4195 379 4276 quibusdam
402 4192 519 4274 simplex
541 4195 653 4256 videtur
677 4216 739 4257 esse
761 4193 908 4276 parabola,
933 4193 998 4272 quia
1021 4203 1122 4256 umen

100 4289 208 4359 pometa
232 4271 411 4353 exprimitur,
437 4271 532 4352 potius
554 4293 617 4332 rem
661 4283 748 4334 mum
770 4269 879 4333 narrari
901 4269 1036 4350 arbitror.

58 4423 60 4428 Ι
101 4347 564 4430 meareparumestrnonrenti,
652 4345 1193 4412 osrnnmanndoctriuneteneent

888 4570 1179 4703 'ub
