2536 4848
357 213 420 290 (76.
437 207 489 272 De
504 210 622 277 ieimiir
643 212 778 290 rainu.)
1073 217 1133 292 m

13 352 193 419 urriourtua
211 349 347 418 stem
367 351 512 428 ludaeor.
540 373 580 420 ue
611 354 781 438 mripnreut
802 373 836 423 re
860 351 983 437 defungi
1005 361 1130 444 externo

11 427 71 488 Dei
86 427 170 500 cuitu,
189 426 432 510 quemadmodum
450 429 587 491 rolehant
605 454 670 493 suas
687 431 869 496 ceremoniae
887 447 991 494 secure
1010 439 1130 512 ructare,

10 514 97 586 negat
112 504 203 564 Deam
221 505 364 566 sacrificia
382 507 506 582 morari,
531 506 583 566 uhi
610 519 641 568 et
663 508 753 568 animi
776 508 887 589 pietate
906 502 990 570 vacui
1008 515 1078 568 aaut
1098 513 1130 570 et

7 601 103 642 nores
118 581 202 642 alieni
219 581 257 644 ah
276 583 449 664 integritate
468 595 499 644 et
517 582 634 646 iasth'n.
677 584 772 664 Quod
790 604 862 646 rrro
881 583 963 645 Deus
989 581 1130 644 sacrificia

9 678 44 719 re
64 657 132 718 rolie
156 659 344 740 pronuntiat,
368 679 402 720 er
419 659 552 723 seeundo
578 659 711 726 memhro
737 672 819 742 patet
842 657 1041 752 comparative
1061 657 1130 736 dici,

8 733 146 794 seientiam
164 733 222 794 Dei
242 731 420 797 holocaustis
441 736 588 818 potiorem
609 757 685 799 erse:
712 735 817 816 quihus
837 732 934 798 verhu
958 756 1020 797 nou
1042 756 1128 816 prae·

8 809 71 870 eise
85 809 244 872 holocausta
261 831 295 872 re
318 810 407 887 udiat,
425 809 477 874 red
498 811 600 904 pietati
619 826 650 875 et
669 812 736 874 fidei
755 813 918 895 postponit.
957 813 1010 873 Sic
1027 823 1128 872 tamen

10 885 164 948 hahendam
183 899 245 964 ere,
268 831 359 948 fidem
384 899 415 950 et
437 911 450 950 r
472 888 617 950 irrtuaiem
645 889 754 966 ruitum
779 911 831 970 per
855 909 887 952 se
906 889 975 950 Deo
1030 905 1128 964 acere,

9 962 147 1022 caritatem
166 976 196 1025 et
216 961 402 1026 humanitatis
427 909 472 1028 oi
716 965 723 982 ”
1034 965 1042 982 ”

9 1037 109 1100 crificia
125 1060 183 1100 uon
203 1040 260 1102 nisi
280 1040 441 1104 accessoria
459 1060 539 1116 esse,
568 1053 603 1103 ut
621 1039 797 1124 loquuntur,
825 1062 899 1124 quae
919 1041 1002 1105 uuio
1028 1039 1127 1122 pretio

9 1115 54 1176 nt
75 1115 131 1177 loro
149 1127 233 1192 runt,
266 1115 317 1179 uhi
342 1115 435 1180 rolida
459 1118 567 1180 veritae
590 1139 651 1180 raon
678 1117 789 1182 ruhrst.
836 1119 906 1196 Qua
926 1117 963 1178 de
983 1137 1016 1180 re
1036 1117 1126 1180 surius

7 1191 118 1256 tractari
134 1193 249 1254 decimo
268 1193 305 1254 ad
325 1191 479 1258 Hebraeos
499 1194 605 1276 capite.
643 1193 680 1258 Iu
695 1214 770 1260 rure
785 1191 1002 1260 nemeaeum
1018 1213 1126 1276 sporo-

10 1267 96 1328 dorhe
122 1269 251 1332 notanda
276 1281 335 1330 est:
367 1291 435 1331 nam
464 1269 519 1332 suh
549 1290 606 1332 una
636 1283 721 1352 parte
740 1272 947 1354 complectitur
965 1267 1127 1356 Propheta,

9 1343 141 1482 'iiiii
152 1343 953 1504 wihi'hihdihiiinnannnm
967 1445 1001 1492 u
1042 1421 1126 1490 aaran

462 965 526 1026 ficia
547 985 618 1048 erga
641 986 788 1047 prorrmos
808 986 862 1048 per
879 985 912 1029 re
931 985 964 1028 re
1006 985 1055 1030 tra:
1078 985 1127 1029 aa·

9 1509 35 1558 et
53 1495 89 1579 hp
107 1499 208 1560 rorrisi
226 1498 285 1562 hor
305 1498 413 1560 diruam
434 1511 489 1576 est,
509 1499 644 1562 eontinet
662 1512 760 1569 tamen
780 1501 811 1562 in
830 1520 941 1584 genere
960 1523 977 1562 r
1008 1500 1044 1569 de
1064 1499 1125 1573 nti-

7 1518 244 1666 andnuman.
281 1573 442 1637 Monemur
461 1575 549 1651 euim,
569 1597 631 1636 non
651 1575 736 1638 aliter
755 1575 842 1638 nohis
862 1576 1002 1667 prodesse
1014 1573 1126 1650 Christi

9 1663 132 1730 graham,
152 1672 241 1734 quam
261 1649 330 1712 dum
350 1661 539 1744 peccatorum
564 1662 734 1714 nostrorum
760 1649 846 1714 nohir
871 1651 997 1728 conscii,
1022 1663 1053 1713 et
1070 1649 1126 1714 auh

8 1745 100 1788 eorum
114 1747 213 1820 onere·
230 1738 384 1822 gemepter
409 1727 558 1821 humrhter
581 1726 618 1790 ad
638 1749 704 1790 eum
718 1727 920 1824 ‘sangrinus'
946 1729 1074 1821 Rprrum
1094 1725 1125 1790 iu

9 1803 946 1965 titnfltt‘ssthtt'tthtt'titztttssihth'tattt
962 1804 1125 1945 iiiiii

7 1975 48 2016 ara
66 1957 156 2039 gioria
176 1955 338 2021 descendit.
376 1955 437 2019 Sed
451 1955 580 2018 tenenda
600 1969 645 2018 ert
663 1957 747 2018 simul
766 1954 815 2020 iiia
828 1957 979 2040 particula,
998 1953 1041 2019 od
1052 1977 1125 2034 poe·

8 2035 149 2108 Mar,
166 2046 201 2094 rt
218 2034 342 2098 edamur
360 2035 475 2096 reniam
496 2033 583 2094 nohis
603 2033 678 2109 heri,
698 2055 758 2096 aon
778 2054 855 2118 quae
875 2045 995 2115 peecata
1015 2033 1125 2109 foveat,

8 2109 49 2170 red
66 2131 139 2191 quae
157 2109 195 2172 ad
214 2111 264 2191 pie
282 2123 444 2192 raucaeque
454 2109 570 2177 uiuendi
588 2109 715 2172 studium
726 2133 782 2176 reos
799 2124 928 2184 reronet.
967 2111 1031 2177 Hae
1044 2110 1123 2180 emin

9 2183 76 2270 hege
94 2207 148 2249 uos
166 2185 340 2250 reconciliat
358 2175 453 2269 Patri,
484 2196 518 2247 ut
542 2185 688 2267 redempti
715 2187 777 2251 eius
795 2187 939 2342 suffire
963 2185 1125 2256 suerrum

878 2287 887 2324 Ι

10 2279 53 2323 ros
76 2284 156 2326 veras
178 2263 306 2340 hostias,
335 2262 581 2346 quemadmodum
606 2263 677 2324 dicit
695 2261 802 2326 Paulus
891 2273 910 2322 t
929 2267 959 2340 2,
978 2261 1056 2340 12),
1086 2259 1124 2322 Iu

9 2333 57 2430 hee
70 2339 205 2432 apparuit
222 2341 422 2405 misericordia
439 2339 500 2402 Dei
517 2350 548 2399 et
567 2338 746 2417 humanitas,
776 2351 810 2402 ut
829 2339 980 2422 abnegatis
999 2335 1125 2399 terreuir

10 2411 140 2478 dundenae
158 2429 236 2490 ruste
252 2429 413 2499 seuereque
431 2415 705 2491 imbalsamare.

39 2683 110 2761 (76.)
153 2681 326 2748 ΜΑΠΗ.
347 2683 401 2748 [X.
443 2681 494 2750 14
515 2683 611 2749 'l'une
631 2683 753 2750 adeunt
773 2701 845 2748 eum
859 2675 1009 2770 discipuli
1031 2679 1124 2748 ioan-

11 2783 58 2860 eh,
81 2783 243 2862 dicentes,
273 2779 381 2870 Quam
409 2779 454 2854 oh
477 2805 603 2858 caueam
623 2805 686 2860 uos
708 2795 741 2852 et
761 2783 925 2851 Pharisaei
943 2784 1125 2860 ieiunemus

11 2879 200 2974 plerunque,
235 2883 387 2970 dieoipuli
413 2906 495 2952 vero
523 2887 570 2950 tui
597 2905 666 2953 nou
695 2887 858 2952 ieiunanti
906 2883 956 2949 15.
982 2883 1024 2950 Et
1043 2882 1125 2948 dixit

12 2977 59 3047 ihs
76 2987 183 3065 lesus,
206 2983 292 3048 Nem
314 2991 451 3070 possunt
471 2983 532 3050 hili
558 2986 670 3072 sponsi
692 2983 822 3072 lugere,
854 3005 949 3074 quam
971 2981 1028 3048 diu
1050 3003 1123 3046 cnm

12 3079 59 3148 iilis
76 3097 122 3152 est
142 3085 304 3172 sponsum?
348 3081 493 3154 Venient
514 3095 622 3153 autom
642 3081 722 3166 dies,
743 3107 840 3172 quum
863 3083 997 3155 tolletur
1018 3081 1059 3153 oh
1073 3083 1122 3148 eis

11 3199 134 3268 moesus,
156 3195 191 3252 ot
212 3183 506 3254 tuneieirnebrmn
547 3187 597 3253 aa.
618 3185 738 3252 Nullae
758 3197 863 3250 arrum
885 3185 1024 3248 immittit
1038 3201 1126 3246 assu·

11 3296 128 3351 neutum
150 3287 253 3372 panni
274 3283 365 3350 rudis
386 3287 420 3352 in
441 3296 564 3355 vestem
579 3297 739 3364 veterem,
759 3284 864 3349 aufert
886 3283 971 3348 euim
992 3277 1125 3369 supple·

13 3395 127 3454 uentum
151 3383 242 3453 ilh'us
263 3407 282 3452 a
303 3389 505 3468 vestimento,
526 3397 559 3454 et
576 3388 670 3476 peior
691 3396 825 3472 ruptura
844 3383 891 3450 tir.
934 3381 984 3452 17.
1004 3372 1124 3470 Neque'

14 3483 115 3553 aierunt
143 3489 256 3554 vinum
276 3507 396 3556 uorum
418 3489 454 3554 in
486 3498 576 3554 utres
605 3496 752 3565 veteres,
784 3483 908 3570 alioqui
932 3493 1126 3570 rumpuum

15 3591 87 3664 thes,
105 3597 139 3652 rt
160 3590 270 3654 vinnan
291 3587 485 3666 attenditur,
508 3597 540 3652 et
561 3598 649 3652 utres
669 3595 823 3674 pereunt:
849 3581 909 3649 red
929 3585 1058 3651 mittunt
1077 3584 1125 3647 vt·

13 3699 70 3750 uum
89 3709 209 3754 novum
232 3687 266 3755 iu
289 3697 377 3754 utres
399 3709 512 3770 novoe,
534 3697 566 3754 ot
587 3696 724 3776 utroquo
745 3681 841 3753 simul
860 3691 1038 3753 servantur.

75 3817 214 3887 hauc.
239 3821 277 3887 11.
326 3821 376 3887 18.
406 3821 449 3886 Et
475 3819 627 3906 discipuli
653 3820 785 3886 loannis
812 3839 850 3883 aa
876 3817 1123 3884 Pharisaeorum

15 3911 189 4000 ieiuuahant,
207 3923 423 4012 veniuntque,
449 3930 481 3986 ot
505 3919 616 3998 dicunt
637 3917 701 4000 illi,
729 3919 842 4008 Quare
861 3915 1013 4006 discipuli
1028 3917 1125 3989 loan-

18 4015 53 4078 tia
70 4030 99 4084 et
117 4022 362 4088 Pharisaeorum
383 4023 549 4099 ieiunant,
577 4022 626 4088 tui
651 4031 758 4086 maon
780 4018 932 4107 discipuli
954 4039 1021 4084 nou
1043 4019 1125 4082 ieiu-

18 4121 95 4182 aaut?
133 4119 183 4187 to.
204 4122 247 4187 Et
269 4123 313 4186 ait
332 4119 398 4186 iliis
419 4121 624 4199 1esue‚Num
646 4129 780 4208 possunt
800 4117 862 4184 filii
882 4115 1036 4206 numetis
1054 4115 1126 4184 tha·

22 4205 90 4294 hui,
112 4221 232 4312 inquo
254 4243 326 4288 cum
348 4217 413 4286 illis
434 4232 483 4290 est
500 4243 657 4312 sponsus,
683 4221 849 4289 ieiunare?
881 4239 976 4308 quam
999 4213 1056 4279 diu
1076 4233 1126 4278 se·

24 4327 77 4382 Μ
94 4315 210 4396 tatem
223 4343 391 4412 tuomum,
409 4343 477 4395 uou
499 4329 635 4412 pomerut
645 4323 802 4394 ieiunare.
842 4319 894 4389 20.
914 4313 1126 4384 vauterann-
