2496 4852
341 284 472 349 (tuamo'
493 302 529 350 m
549 299 676 348 moure.
1018 297 1079 362 163

21 429 72 496 ridet
96 431 123 496 iu
150 431 277 516 occulto,
309 433 475 522 persolvet
509 431 569 500 tilii
597 435 631 500 in
645 433 846 526 'propatulo
891 435 920 503 7.
953 439 1077 526 Verum

20 545 113 610 orantes,
128 555 164 598 ne
182 537 243 600 sitis
262 533 461 624 multiloqui,
480 537 564 604 siout
583 533 730 602 Ethuioi:
756 547 871 624 putant
891 539 977 606 euim
997 539 1078 621 iure,

19 631 81 696 rtolr
95 631 303 721 multiloquium
324 657 416 702 suum
440 635 662 702 exaudiuntur.
703 638 733 704 8
759 638 812 702 Ne
837 639 936 722 igitur
955 639 1079 704 citima

20 735 64 794 nini
77 731 172 798 similes
189 737 331 801 istorum:
350 739 443 803 novit
466 739 551 800 enim
573 737 671 802 Pater
694 746 818 815 vester,
835 737 958 824 quitus
977 738 1077 832 rebus

20 837 110 918 queit
128 831 226 916 vohis,
245 839 429 924 priusquam
449 839 568 927 petatis
590 835 631 904 ab
654 833 724 904 illo.
1000 839 1003 846 ’

60 961 175 1030 ,ῚιιιΙιᾶ
212 965 453 1050 &morum
470 979 521 1028 etc.
560 965 643 1026 Idem
664 987 744 1027 nnnc
764 966 801 1026 de
820 967 958 1052 precibus
979 971 1078 1052 docet,
1153 968 1155 972 ⁴

30 1039 63 1098 nd
80 1042 139 1120 prins
160 1042 193 1102 de
217 1045 419 1125 eleemosynis.
458 1045 513 1105 Est
532 1056 629 1104 autern
652 1044 725 1104 haec
750 1043 834 1104 nimis
855 1065 948 1109 crassa
970 1061 999 1108 et
1019 1071 1074 1132 pu-

20 1055 73 1173 lsia
91 1119 194 1178 nominis
216 1119 273 1179 Dei
297 1121 484 1214 profanatio,
516 1121 595 1201 quod
622 1119 809 1203 hypocritae,
833 1131 868 1181 ut
894 1123 1018 1218 gloriam
1039 1125 1075 1188 ab

21 1188 124 1253 amitto
139 1195 274 1272 referant,
299 1219 330 1258 ur
353 1197 477 1280 publico
502 1209 676 1276 precantur,
701 1196 748 1258 rel
771 1197 871 1280 potius
890 1200 1028 1262 simulant
1046 1223 1078 1264 se

21 1269 91 1346 praui
119 1269 169 1329 Sed
189 1293 275 1352 quum
296 1291 357 1334 sem
382 1293 414 1333 er
438 1274 592 1334 ambitiosa
617 1274 656 1333 sit
681 1273 858 1354 hypocrisis,
882 1295 944 1337 non
969 1279 1086 1341 mirum¹

22 1355 50 1405 ot
63 1344 87 1404 iu
100 1365 199 1406 caecam
219 1369 295 1410 esse:
322 1295 405 1410 iudet
426 1370 498 1432 ergo
519 1348 678 1432 discipulos
697 1369 782 1424 suos,
802 1350 826 1411 si
846 1351 903 1412 rite
923 1373 1010 1415 orare
1028 1375 1079 1418 ve·

22 1419 59 1487 lut,
73 1423 181 1483 cenchre
205 1425 325 1486 intrare.
363 1427 427 1488 Etsi
448 1434 564 1501 autem,
590 1427 658 1508 quia
685 1426 743 1487 hoc
767 1426 798 1485 in
818 1430 945 1508 speciem
964 1431 1080 1494 videtur

25 1493 121 1572 dadum,
137 1501 287 1584 allegorice
329 1501 425 1563 uidam
446 1513 598 1586 exponunt
616 1502 790 1562 interiorem
811 1505 908 1566 cordis
924 1522 1080 1584 recessum,

26 1567 123 1636 lecturo
139 1580 245 1662 argutia
263 1579 339 1639 nihil
360 1591 405 1640 est
424 1599 507 1660 opus.
544 1579 687 1642 labemur
706 1579 840 1660 pluribus
859 1579 950 1660 locis,
977 1586 1006 1645 iu
1028 1607 1077 1646 ce-

28 1641 134 1712 llineto
152 1669 179 1714 et
198 1655 351 1716 hominum
372 1656 538 1737 frequentia
569 1675 603 1715 ac
628 1676 727 1715 coram
752 1667 818 1716 toto
845 1659 958 1740 populo
978 1659 1077 1723 Deum

25 1725 85 1798 putari
102 1728 137 1787 rel
158 1727 288 1808 laudare,
313 1733 405 1814 idque
428 1733 580 1792 testandae
599 1741 719 1792 nostrae
738 1731 807 1792 iidei
825 1733 872 1793 vel
892 1737 1079 1818 gratitudinis

23 1819 74 1872 um,
86 1803 150 1864 sinnl
166 1817 198 1867 ut
216 1809 291 1869 alios
312 1821 416 1869 nostro
437 1809 570 1890 exemplo
590 1807 744 1868 incitemus
764 1809 798 1869 ad
819 1810 898 1871 idem
917 1815 1078 1896 agendum:

21 1880 112 1952 tuitii
133 1903 164 1943 eo
182 1885 279 1945 studio
307 1907 364 1945 nos
388 1885 523 1946 Christus
548 1885 681 1960 abducit,
712 1885 762 1945 sed
787 1897 901 1948 tantum
929 1891 1080 1968 admonet,
1188 1927 1191 1940 ·

20 1940 73 2036 itta
85 1977 138 2036 prae
160 1962 249 2022 oculis
278 1961 446 2022 habendum
468 1980 545 2036 esse,
569 1962 685 2042 quoties
705 1961 740 2023 ad
760 1964 961 2044 precationem
981 1969 1079 2028 accin-

18 2043 78 2105 μιν.
99 2034 157 2096 ldeo
175 2059 234 2098 nou
256 2051 327 2100 sunt
346 2039 478 2122 urgenda
494 2039 566 2100 haec
580 2035 681 2114 verba,
695 2037 782 2098 Intro
792 2043 824 2099 in
835 2041 969 2102 conclama
982 2057 1080 2106 mmm:

18 2105 63 2180 rusi
75 2107 149 2172 iubeat
165 2113 267 2196 sugere
288 2115 433 2191 homines,
452 2133 487 2176 ac
506 2134 561 2176 nos
582 2127 662 2174 recte
676 2134 761 2175 orare
777 2129 868 2198 neget
883 2119 937 2180 nisi
954 2121 1079 2182 testibus

17 2183 94 2244 nucu
123 2186 326 2272 comparative
347 2192 424 2250 enim
448 2191 595 2272 loquitur,
620 2191 786 2274 significans
812 2192 909 2274 potius
935 2214 1081 2275 quaeren-

66 2279 109 2320 ωε
123 2285 270 2346 secessum,
290 2289 378 2348 quam
399 2269 594 2349 appetendam
613 2267 767 2327 hominurn
779 2268 986 2349 frequentiam,
1005 2291 1081 2352 quae

15 2342 45 2390 tu
57 2351 142 2401 ouutes
159 2343 260 2405 rideat.
324 2343 403 2404 Utile
423 2345 542 2424 quidem
562 2355 606 2405 cst
625 2342 770 2418 fidelibus,
791 2349 851 2426 quo
871 2344 992 2408 liberius
1011 2359 1081 2410 rota

17 2424 72 2470 uret
86 2419 190 2494 gemitus
209 2441 313 2482 eoram
333 2421 402 2482 Deo
425 2421 600 2495 eliuudaut,
622 2419 786 2480 subducere
810 2439 842 2480 se
866 2421 903 2480 ab'
928 2421 1081 2485 hominum

18 2499 125 2574 mospius,
162 2495 290 2559 Prodest
312 2499 400 2557 etiam
424 2516 553 2558 secessus
577 2497 632 2557 alia
659 2495 696 2554 de
722 2516 822 2573 causa,
846 2515 906 2590 quo
932 2500 1024 2582 magis
1044 2499 1081 2562 ab

15 2563 97 2625 narius
111 2576 297 2635 avocamentis
318 2573 428 2634 liberae
447 2573 507 2634 sint
526 2593 559 2634 ac
578 2572 694 2634 solutae
712 2583 839 2634 mentes:
859 2575 927 2636 adeo
949 2586 980 2636 et
993 2575 1082 2638 ctri-

16 2639 103 2722 tuipse
118 2651 212 2710 orandi
237 2671 324 2711 causa
349 2650 462 2731 saepius
487 2651 517 2708 in
537 2662 682 2710 secretum
707 2647 832 2728 aliquem
860 2650 958 2712 locum
978 2673 1009 2713 se
1029 2653 1083 2714 ab·

15 2704 61 2798 fist
87 2719 134 2782 Sed
152 2725 206 2786 hoc
225 2727 257 2788 iu
301 2730 444 2790 raeaeutia
465 2746 528 2787 nou
547 2727 659 2807 agitur:
682 2737 798 2786 tanturn
823 2728 902 2788 euim
920 2730 1084 2813 corrigitur

14 2793 68 2855 rasi
80 2795 172 2878 gloriae
191 2805 345 2884 cupiditas.
384 2803 504 2864 Summa
525 2814 622 2862 autem
649 2813 706 2868 est:
736 2805 796 2864 sire
813 2809 880 2942 puis
899 2805 999 2882 solus,
1021 2807 1083 2868 sive

16 2874 72 2952 uun
85 2871 132 2935 aliis
148 2893 302 2958 precetur,
322 2877 400 2940 huuc
419 2893 518 2940 tamen
538 2879 678 2940 allectum
698 2879 809 2939 induco
833 2903 880 2940 um
902 2901 979 2958 esse,
999 2882 1083 2964 quasi

47 2955 81 3006 tn
103 2950 127 3010 iu
149 2957 291 3018 conclave
318 2958 415 3018 solum
438 2956 538 3016 Deum
568 2955 691 3016 haberet
720 2967 839 3016 testem.
874 2955 984 3032 Quum
1013 2959 1084 3020 dicit

15 3011 104 3104 licitu
118 3034 280 3094 mercedem
299 3033 423 3114 rependi
464 3033 579 3094 recibee
599 3033 723 3106 uostris,
742 3033 810 3093 satis
830 3033 975 3112 declarat,
1001 3035 1084 3115 quic-

25 3095 180 3178 ‚itttrcedia
218 3111 306 3172 assim
326 3111 414 3172 uobis
434 3053 755 3192 §cripturapromittit
778 3129 841 3170 noo
871 3119 1009 3190 tauquam
1031 3111 1084 3172 de-

31 3131 217 3260 trurolri,seii
238 3187 399 3270 gratuitum
421 3199 503 3248 esse:
843 3259 851 3276 ·
885 3259 894 3276 ·
1004 3260 1012 3276 .

58 3255 76 3314 i·
102 3257 220 3323 Neritia
237 3263 351 3324 mutato
395 3267 410 3322 '.
440 3261 530 3323 Aliud
549 3261 653 3322 vitium
674 3257 865 3341 reprehendat
884 3277 914 3318 rn
935 3272 1085 3340 oratione,

13 3337 77 3404 “itt
92 3336 310 3422 multiloquium.
352 3287 458 3400 ilium
482 3351 582 3400 autem
607 3337 723 3398 duobus
754 3335 867 3410 verbis,
898 3338 949 3397 sed
978 3338 1085 3399 eodem

14 3413 74 3462 “⁸¹⁰¹
88 3429 140 3472 nam
151 3422 317 3490 tmotoyta
328 3437 506 3500 supervacua
528 3427 572 3476 est
591 3427 621 3474 et
640 3413 741 3494 putida
761 3414 911 3494 repetitio,
930 3418 1085 3488 πολυλογία

12 3484 70 3538 num
85 3485 164 3552 inanis
182 3493 346 3576 garrulitas.
384 3494 481 3553 Porro
503 3511 606 3552 eorum
621 3490 771 3552 stultitiam
791 3489 984 3570 reprehendit
996 3488 1085 3551 Chri-

12 3558 52 3620 'tt
66 3563 103 3638 qui
119 3569 255 3630 utDeuna
276 3569 470 3650 persuadeant
489 3579 520 3628 et
537 3579 671 3642 exorent,
691 3567 815 3626 multum
834 3567 994 3628 verborum
1013 3587 1086 3658 pro:

37 3633 98 3712 dam
129 3643 231 3726 Neque
264 3647 331 3708 lmic
363 3645 517 3708 doctrinae
542 3645 720 3705 eontrarium
749 3655 807 3718 est,
837 3642 918 3722 quod
947 3641 1087 3724 precanda

10 3707 107 3798 utimur
132 3721 234 3800 passim
260 3721 396 3784 laudatur
421 3725 451 3784 in
478 3721 640 3802 Scriptura.
692 3721 766 3779 Nam
792 3719 845 3780 uhi
871 3719 950 3781 serio
975 3719 1086 3780 aliectu

11 3793 123 3868 ittttpitur
139 3801 280 3890 precatio,
302 3800 401 3882 lingua
420 3820 482 3860 nou
496 3799 589 3860 anteit
607 3807 722 3879 pectus:
745 3795 851 3855 deinde
871 3817 933 3855 non
953 3806 1088 3876 captatur

11 3848 127 3942 lugeatis
144 3876 224 3936 auaui
243 3875 402 3937 verborum
421 3877 512 3951 fluxu,
532 3873 583 3935 sed
604 3876 701 3955 potius
720 3893 789 3933 suos
802 3872 938 3948 affectus,
957 3892 1018 3933 nou
1039 3889 1087 3962 sne·

9 3947 74 3998 '¹²⁶
88 3951 204 4029 ugtttu,
223 3955 304 4034 pium
325 3973 379 4016 cor
398 3953 516 4027 emittit,
551 3950 623 4012 uiiu
637 3951 751 4014 coelum
766 3960 932 4030 penetrent.
962 3948 1086 4008 Interuu

10 4000 112 4100 ‘quatre
129 4045 227 4090 eorum
246 4030 430 4110 superstitio,
457 4028 508 4108 qui
529 3973 630 4112 longis
655 4029 779 4088 susurris
798 4025 896 4086 Deum
916 4043 947 4084 sc
967 4041 1088 4105 prome·

9 4098 41 4144 Μ
55 4099 200 4164 confidunt:
221 4127 280 4186 quo
300 4127 403 4168 errore
422 4107 463 4167 sic
484 4105 629 4166 imbutum
648 4103 779 4164 videmus
800 4122 862 4164 esse
881 4103 921 4162 Pa
945 4113 1035 4172 atum,
1054 4105 1087 4156 ut

9 4170 116 4250 Μίνω
133 4181 271 4244 orationis
288 4185 380 4246 virtut
399 4183 459 4244 illic
478 4181 615 4244 credatur
640 4200 704 4243 esse
722 4179 893 4260 loquacitas.
959 4195 1005 4235 am
1026 4183 1087 4252 φη

9 4248 90 4322 ΝΜ
106 4251 164 4332 tius
181 4258 340 4334 verborum
361 4261 570 4334 demurmurat,
589 4278 627 4326 eo
647 4258 1005 4345 magisceuaotureracte
1018 4265 1087 4330 pre-

10 4326 57 4376 ΝΜ
75 4345 136 4390 tate.
171 4331 268 4418 Luugi
292 4337 380 4396 etiam
406 4336 568 4418 prolixique
594 4345 710 4424 cantus,
739 4332 820 4416 quasi
844 4329 902 4392 Der
926 4343 1010 4390 aures
1034 4322 1086 4384 de-

10 4391 248 4480 memoratione
268 4413 459 4476 resonantia
481 4431 584 4474 eorum
604 4410 751 4550 impiis}
