2524 4856
156 252 215 328 Di
313 259 426 326 SECT.
445 259 543 322 xvn.
585 257 839 324 susurronum
859 275 1115 322 uscmssrrores.

156 415 242 478 debat
264 435 326 489 eos,
350 409 471 476 mendo
495 411 615 493 palmam
638 411 678 472 illi
702 413 876 481 concedere,
906 421 937 472 ut
959 409 1021 472 inde
1037 408 1113 493 magis
1129 423 1232 472 cresceret

157 491 310 554 auctoritas
328 489 400 571 opud
418 487 539 569 plebem.
581 489 669 565 Quod
688 500 781 550 eutem
802 489 958 550 Matthaeus
977 489 1052 558 elicit,
1075 511 1155 548 cmm
1171 493 1231 544 utre·

157 581 205 628 tos
228 587 312 650 super
337 566 395 627 eius
420 566 561 636 doctrine,
591 565 747 626 notandum
769 577 826 639 est,
846 576 892 625 tot
911 562 1002 646 pravis
1020 564 1061 624 rcl
1079 563 1167 658 [rigidis
1181 585 1233 622 cccc·

157 645 260 706 mentis
285 641 418 704 iniectam
437 651 507 702 tuuc
531 639 615 702 luisse
655 641 745 702 ictutis
766 641 938 715 doctrinam,
966 654 997 702 ut
1014 641 1105 702 merito
1122 641 1233 699 incurui-

157 719 244 782 reculi
266 717 390 780 habitum
405 715 506 809 uiderit,
525 713 564 780 ite
583 716 635 780 dex
665 738 681 780 e
701 729 731 779 ct
752 717 880 800 apposite
899 739 934 780 ex
949 719 1027 802 Lege
1045 714 1232 800 probrumluisse

160 817 241 882 rpem
259 805 486 862 resurrectiones.

244 1067 349 1162 (llis)
391 1071 564 1140 ΜᾸΤΊἪ.
587 1073 686 1140 xxti.
729 1073 782 1140 dl.
811 1073 975 1141 Pharisaei
998 1083 1098 1140 outeur
1117 1091 1191 1158 quom
1205 1091 1237 1132 ro

159 1179 291 1260 disseret,
311 1175 400 1268 quod
425 1176 604 1243 obturasset
621 1197 659 1244 os
671 1175 880 1256 Sodduueeis,
900 1187 1115 1244 convenerunt
1128 1177 1155 1240 iu
1169 1193 1237 1236 ccciccc.

158 1283 212 1352 35.
233 1283 276 1352 Ec
298 1282 504 1365 interrogavit
520 1300 592 1346 euru
610 1301 693 1347 unus
706 1301 742 1344 er
754 1283 800 1348 cis
812 1280 906 1366 Legis
921 1280 1038 1348 doctor
1049 1281 1188 1366 quispieu,
1199 1285 1238 1336 teu

159 1397 231 1454 ioue
254 1405 337 1464 eum,
360 1393 391 1449 ei
408 1381 527 1460 diceus,
558 1379 610 1446 36.
633 1381 886 1468 Megisterquod
899 1380 1132 1448 estmoudetour
1141 1397 1238 1462 mugitu

160 1489 194 1558 ln
216 1488 320 1578 chcl
361 1481 414 1552 37.
449 1487 504 1552 Ate
530 1480 578 1548 illl
600 1483 704 1564 lesus,
733 1483 857 1572 Diliges
880 1485 1055 1550 Douriuuru
1076 1483 1166 1548 Deou
1185 1489 1247 1574 tuus,

160 1613 199 1658 ex
221 1601 290 1658 toto
313 1587 414 1656 corde
440 1597 515 1663 tuo,
547 1595 580 1651 et
608 1607 644 1652 ex
667 1597 734 1654 tota
755 1589 861 1652 unicus
882 1597 950 1665 tue,
988 1599 1021 1653 et
1049 1608 1085 1653 ex
1104 1594 1159 1652 tots
1175 1575 1247 1646 ucutr

160 1704 225 1762 tue.
274 1693 327 1758 38.
361 1691 434 1756 Hoc
454 1698 503 1755 est
523 1690 659 1774 primunt
683 1698 714 1754 et
735 1709 884 1776 maguum
905 1687 1097 1755 mandatum.
1144 1685 1184 1749 39.
1207 1665 1247 1745 Sel

159 1793 300 1862 orrrcduur
322 1802 428 1858 uectem
451 1790 556 1856 simile
580 1801 627 1855 est
648 1789 738 1874 huic,
766 1791 892 1878 Diliges
914 1793 1092 1880 proximum
1112 1799 1183 1854 tuuu
1198 1805 1242 1870 per·

158 1897 235 1964 iude
262 1906 357 1982 utque
383 1903 414 1960 te
437 1895 551 1980 ipsum.
594 1893 648 1962 40.
682 1895 720 1962 lu
742 1894 793 1962 his
815 1893 948 1963 duobus
967 1893 1120 1962 mendatis
1139 1899 1190 1958 tou
1205 1876 1247 1965 bol

159 2010 191 2066 et
211 1999 394 2088 Prophetae
415 1995 570 2084 pendent.

246 2197 385 2270 Meltc.
406 2201 474 2266 Xll.
505 2199 558 2268 26.
580 2199 622 2266 Et
643 2219 741 2286 quum
764 2201 951 2266 accessisset
972 2199 1102 2288 quidem
1122 2221 1138 2264 c
1156 2189 1243 2262 Scitis

162 2313 194 2370 et
220 2303 361 2370 uudiseet
388 2323 446 2370 eoo
468 2300 562 2368 siutul
585 2301 797 2390 disputantes,
827 2301 1017 2388 videretque
1038 2299 1122 2391 quod
1140 2293 1202 2363 bcoe
1215 2311 1247 2358 ru

160 2405 345 2496 spondisect
366 2405 428 2484 eis,
450 2403 657 2492 interrogavit
679 2401 778 2484 illuur,
800 2401 902 2492 Quod
925 2417 972 2470 cst
998 2410 1129 2493 prieuucu
1149 2399 1242 2464 occcuiuu

130 2585 134 2592 ¹
159 2507 384 2597 praecepturul
418 2505 471 2570 29.
493 2509 581 2573 lusus
602 2517 708 2573 eutem
729 2507 896 2595 respondit
919 2508 976 2587 illi,
1000 2502 1243 2576 Priucucccuc

158 2621 401 2699 praeceptorum
432 2618 493 2688 est,
526 2605 611 2673 Audi
638 2605 752 2688 lsrecl,
791 2608 951 2674 Dominus
982 2612 1076 2676 Deus
1097 2601 1243 2674 nostccltc

157 2717 262 2780 miuus
284 2733 366 2778 unus
389 2720 446 2778 ost.
501 2709 555 2776 30.
588 2709 644 2788 Et,
670 2709 797 2796 Diliges
821 2713 997 2779 Dominum
1021 2713 1247 2778 necessitudo

157 2825 227 2884 toto
257 2809 358 2880 corde
382 2821 454 2890 tuo,
481 2823 512 2878 et
535 2835 571 2878 ex
593 2821 660 2878 totu
681 2815 786 2878 euiure
808 2823 875 2892 tue,
903 2825 997 2882 etex
1019 2826 1086 2882 tote
1107 2821 1192 2878 mente
1206 2807 1247 2894 ltu}

157 2925 247 2984 etex
268 2917 345 2982 totio
367 2914 489 2980 viribus
512 2917 587 2980 tuis:
609 2914 673 2980 leoo
695 2924 743 2980 cst
764 2915 899 3001 primum
920 2925 1134 3005 pracceptum.
1169 2909 1207 2976 31.
1218 2897 1247 2970 ll

156 3019 332 3086 secundum
369 3016 488 3096 sicrcile,
525 3017 590 3082 icoo
622 3025 685 3096 est,
723 3013 848 3102 Diliges
875 3020 1057 3104 proximum
1086 3029 1164 3084 tuum
1188 3015 1234 3074 uti

155 3123 277 3208 ipsum:
311 3121 413 3186 rusius
435 3119 484 3186 tis
506 3118 595 3185 eliud
617 3128 821 3205 praeceptum
842 3139 910 3186 nou
937 3130 997 3186 est.
1056 3122 1109 3190 32.
1145 3119 1179 3183 Et
1215 3108 1238 3126 ''

155 3223 204 3290 illi
225 3221 353 3302 Scribe,
375 3225 466 3287 Bene
486 3232 678 3310 praeceptor
699 3241 770 3286 curu
792 3221 924 3288 veritate
946 3221 1073 3302 dixisti,
1099 3217 1207 3310 quodu

153 3327 195 3392 eit
215 3325 316 3404 Deus,
338 3332 370 3390 et
389 3343 458 3389 ooo
479 3324 521 3390 eit
541 3321 623 3390 elius
644 3331 770 3411 praeter
791 3320 895 3390 illuur:
937 3323 991 3392 33.
1032 3323 1186 3412 Quodque
1202 3313 1243 3379 di'·

151 3447 229 3511 gere
250 3447 322 3492 eum
345 3447 384 3492 er
406 3435 475 3492 toto
504 3425 618 3505 cordo,
652 3435 683 3492 et
710 3447 748 3490 er
770 3435 836 3492 toto
858 3425 1085 3512 intelligentie,
1111 3437 1140 3491 et
1159 3443 1188 3488 er
1205 3421 1245 3482 tou

151 3529 263 3605 enims,
287 3538 377 3593 etex
400 3529 473 3594 totis
496 3525 627 3604 vicibus,
650 3547 688 3592 uo
710 3525 845 3614 diligere
867 3533 1051 3616 proxiuuuu
1075 3539 1108 3594 ut
1123 3529 1220 3611 scipttt

149 3624 223 3713 plus
245 3629 287 3694 sit
308 3652 404 3716 queue
426 3632 576 3696 ecrrircrsu
599 3627 871 3696 holocaustomate
894 3641 926 3697 et
946 3633 1104 3697 viotiucoe.
1153 3625 1198 3692 dl.
1220 3666 1225 3682 ι

148 3729 238 3796 lesus
269 3752 368 3818 quuur
401 3732 540 3812 videret,
572 3730 661 3820 quod
689 3733 827 3798 scienter
852 3732 1090 3820 respondisset,
1123 3731 1190 3796 dicit
1209 3721 1245 3793 illt

110 3865 112 3873 ·
146 3829 242 3898 Haud
265 3831 363 3921 longe
390 3833 467 3901 abes
494 3857 513 3901 u
541 3855 641 3924 regno
669 3833 742 3902 Dei.
788 3835 831 3903 Et
852 3856 949 3904 neruo
970 3847 1048 3924 post
1069 3834 1123 3902 ille
1143 3825 1240 3900 sutus

147 3931 239 4002 illum
259 3937 470 4030 interrogare.

229 4137 331 4207 LUC.
353 4139 391 4205 X.
455 4139 508 4206 25.
551 4141 593 4208 Et
621 4136 697 4207 ecco
725 4139 856 4230 quidam
878 4141 973 4230 Legis
994 4143 1115 4232 peritos
1136 4131 1241 4204 curcul·

143 4246 268 4306 tentans
294 4241 399 4319 illurn,
431 4252 462 4307 et
484 4241 611 4323 dicens,
638 4243 809 4327 Magister,
837 4245 915 4332 quid
938 4245 1086 4314 iaciendo
1107 4247 1190 4310 ritsu
1206 4253 1240 4300 rt

141 4348 262 4406 temero
284 4339 479 4428 possidebo?
529 4344 582 4410 23.
621 4345 663 4410 At
684 4343 739 4412 ille
760 4347 841 4414 dixit
861 4345 905 4414 od
927 4371 1007 4429 eun,
1030 4351 1069 4415 lu
1090 4347 1169 4432 hege
1185 4329 1240 4426 quid
