2568 4848
148 217 187 294 76
332 208 484 274 SECTIO
505 209 573 304 111..
601 209 677 280 tun
697 225 845 278 tetram
859 225 907 280 ιτ
924 225 1100 277 ntrsurrs

148 357 216 438 quic
279 375 447 418 oenomao
468 353 588 418 Christo
608 355 808 432 daturisnnt,
833 369 865 418 et
885 355 928 420 lais
953 355 1041 416 armis
1067 354 1182 426 instrui,
1199 355 1267 414 utin

148 431 210 495 eius
236 433 254 492 ii
277 455 292 492 e
318 431 479 526 persistant.
519 433 600 492 Haec
625 443 720 492 autem
754 432 842 516 longe
868 432 1037 516 gravissima
1067 435 1192 492 tentatio
1217 432 1268 502 luit,

149 512 229 591 quod
250 531 266 571 a
286 531 343 570 sms
369 507 484 590 agnitus
509 531 570 568 non
592 508 647 568 luit
668 509 815 584 Christos,
842 509 902 570 imo
922 507 1142 570 contumeliose
1162 510 1268 566 reiectus

148 589 186 649 ab
209 608 246 648 eo
266 586 394 667 populo,
421 585 471 666 qui
491 605 523 646 ιι
543 585 601 646 Dei
621 586 780 647 Ecclesiam
802 605 864 646 esse
882 586 1084 668 gloriabatur:
1116 585 1267 666 praesertin

150 685 221 726 rcro
270 664 329 723 uod
353 663 520 724 sacerdotes
547 674 577 722 et
600 663 732 736 scribac,
760 683 850 742 penes
875 683 951 742 quoa
970 661 1126 724 Ecclesiae
1152 662 1267 742 reginen

151 753 229 815 erat,
248 686 296 799 illi
323 737 501 798 infestissimi
529 739 649 798 suerunt
676 739 781 798 hostes.
822 739 898 815 Quis
923 739 1007 799 enim·
1029 749 1164 830 putasset
1183 755 1267 796 eoru·

151 839 214 878 esse
227 815 350 896 Regem,
363 815 494 894 aquibus
515 825 574 874 tatu
596 815 716 895 indigue
738 814 941 896 probrosaque
955 815 1035 875 reiics
1051 813 1184 873 videret?
1203 815 1266 890 Ergo

149 913 213 986 uon
239 892 290 952 aba
316 911 349 950 re
372 891 516 982 praedicit
540 891 678 962 Simeon,
703 891 853 954 Christum
879 893 1007 972 posituro
1034 911 1100 950 esse
1125 889 1268 981 multis'in

151 967 792 1117 {tttattttff‘tr'tuttt'ltlssttls
808 969 917 1126 {illd
931 967 1267 1104 iii‘msiihihl'iii

150 1136 212 1194 est,
237 1122 352 1181 ruinam
377 1119 447 1179 inde
473 1120 651 1201 procedere,
705 1121 762 1182 uod
791 1067 934 1182 increduli
960 1121 988 1180 in
1010 1141 1080 1180 eum
1108 1119 1266 1200 impingunt:

176 1198 235 1262 uud
260 1197 348 1278 paulo
394 1207 442 1256 ost
465 1197 650 1275 exprimitur,
678 1221 697 1256 u
721 1198 729 1257 i
756 1197 878 1257 Simeon
902 1209 990 1258 vocat
1015 1199 1144 1272 Signum
1171 1206 1266 1254 contra·

150 1219 320 1340 dictorium.
399 1293 452 1356 go,
470 1275 537 1352 quia
557 1273 683 1334 rebelles
700 1287 769 1336 runt
789 1275 910 1336 Christo
929 1272 1096 1344 increduli,
1116 1273 1150 1332 ad
1171 1290 1229 1330 oum
1244 1287 1266 1326 ιι

154 1351 295 1426 allidunt,
323 1351 401 1410 unde
424 1350 558 1430 sequitur
583 1370 685 1412 eorum
713 1351 804 1410 rrrioa.
844 1351 896 1410 Est
919 1362 1017 1412 autem
1043 1351 1168 1410 deducta
1192 1356 1265 1404 meta-

152 1428 247 1512 phora
272 1449 287 1488 a
312 1447 421 1507 scopo,
446 1426 475 1486 in
502 1447 589 1505 quem
616 1426 768 1487 collimant
792 1426 982 1502 iaculatores,
1011 1427 1072 1488 acsi
1099 1425 1209 1485 dixisset
1230 1421 1264 1476 Si-

153 1525 257 1567 meon:
283 1503 352 1564 binc
372 1502 547 1585 perspicitur
567 1503 717 1563 hominnm
742 1504 867 1578 malitia,
890 1504 952 1564 imo
975 1504 1071 1564 totius
1098 1500 1211 1561 humani
1230 1499 1264 1554 in-

153 1582 235 1666 genii
261 1580 400 1661 praviter,
429 1579 509 1660 quud
543 1599 644 1639 omnes
669 1579 729 1638 Dei
753 1580 830 1641 t'itio
856 1581 938 1672 quasi
964 1580 1039 1640 lacta
1067 1575 1264 1658 conspiratione

154 1659 332 1738 obstrepunt
350 1679 384 1718 ac
402 1656 572 1720 reclamant.
610 1657 714 1737 Neque
734 1655 890 1720 enimtahs
910 1668 987 1718 esset
1004 1656 1110 1718 usundi
1130 1668 1264 1714 consensus

154 1735 191 1796 ad
212 1732 471 1794 contradicendum
491 1731 570 1794 Esau
595 1731 669 1806 elio,
697 1733 750 1794 nisi
775 1733 923 1812 quoddam
950 1745 1026 1794 esset
1050 1733 1132 1794 relat
1155 1723 1263 1788 naturale

155 1809 304 1901 dissidium
326 1809 407 1901 'inter
431 1809 540 1874 Fitium
565 1751 623 1901 fici
649 1821 679 1870 ct
704 1809 837 1870 homines
864 1811 972 1900 ipsos..
989 1809 1054 1870 Etsi
1086 1821 1181 1870 autem
1203 1805 1263 1886 inter

155 1885 734 2034 :ellinhiltllltl‘sstltlttlt
746 1890 921 2024 iiiiihii
939 1885 1263 2026 l'tttttt'tlttjl

155 2040 396 2121 superstitionum
409 2037 558 2129 multiplex
571 2050 615 2100 est
633 2040 765 2112 varietas,
779 2059 860 2174 puae
880 2037 1053 2130 idololatras
1074 2033 1225 2114 disiungitt,
1240 2029 1260 2086 ll

156 2117 349 2283 ltettit
364 2127 560 2282 hillidii,
577 2115 1134 2272 ttltttlnltth‘t‘ttlttttl
1145 2111 1260 2280 nihl

155 2271 316 2352 pravitatis,
336 2269 416 2348 quod
436 2290 539 2351 passim
561 2268 681 2330 Christo
702 2269 922 2331 contradicitur.
959 2269 1025 2329 Etsi
1045 2281 1143 2329 autem
1162 2275 1261 2346 runaut

154 2359 327 2432 portentum
347 2357 408 2422 est,
430 2345 510 2428 quod
531 2345 656 2406 mundns
680 2347 709 2408 in
730 2368 813 2407 suum
834 2345 970 2426 opificem
990 2346 1031 2408 ita
1057 2343 1192 2426 insurgit,
1211 2353 1276 2414 qun,

156 2435 253 2486 lamen
281 2423 309 2483 id
336 2422 466 2484 tutorum
492 2421 636 2502 praedixit
660 2421 828 2504 Scriptura,
859 2433 890 2482 et
921 2423 996 2483 ratio
1028 2420 1121 2502 palam
1152 2421 1259 2498 appartls

179 2501 238 2560 uod
257 2498 370 2560 scilicet
388 2498 523 2560 homiues
541 2499 632 2560 semel
657 2499 774 2560 alienati
799 2521 814 2560 a
834 2499 901 2558 Deo
927 2519 980 2578 per
999 2511 1154 2590 peccaturo
1168 2505 1260 2566 seraper

156 2523 240 2638 illurn
265 2575 397 2655 lugiunt,
427 2596 489 2635 uon
523 2587 567 2635 est
595 2574 674 2654 quod
701 2597 756 2636 nos
782 2574 957 2654 perturbent
981 2575 1125 2636 etusuaodi
1148 2563 1259 2653 exenqh

156 2653 209 2713 sed
229 2653 327 2732 potius
346 2649 381 2712 iis
400 2651 486 2710 armis
505 2652 646 2710 instructa
665 2650 736 2712 fides
757 2663 855 2713 nostra
874 2673 906 2712 ιι
927 2653 965 2714 ad
982 2651 1169 2733 pugnandum
1187 2661 1259 2705 arcto·

178 2740 210 2789 at
228 2749 294 2787 cum
318 2725 419 2786 mundi
443 2726 687 2788 contradictione.
725 2727 822 2788 Porro
847 2728 915 2808 quia
940 2751 1019 2788 nunc
1044 2725 1177 2788 lsraelem
1200 2721 1276 2782 Dent,

157 2805 214 2870 sthi
232 2801 354 2942 collegit
374 2823 407 2862 ex
425 2813 492 2864 toto
508 2803 638 2878 mundo,
663 2815 695 2864 et
720 2803 832 2864 nullum
857 2804 1042 2886 estamplius
1064 2804 1207 2865 discrimen
1224 2793 1259 2850 lt·

159 2882 225 2942 daei
247 2892 279 2940 et
335 2879 428 2954 raeci,
454 2879 533 2940 idem
557 2901 636 2940 nunc
659 2881 794 2940 accidere
819 2893 954 2960 oportet,
979 2883 1059 2962 quod
1084 2895 1153 2943 tunc
1174 2877 1257 2935 taum

159 2979 221 3018 esse
248 2958 380 3040 legimus.
423 2955 547 3018 Dixerat
573 2958 629 3016 iana
660 2979 715 3018 ruo
739 2955 855 3018 saeculo
881 2957 988 3018 lesaias
1013 2963 1065 3037 (8,
1090 2959 1163 3032 tt),
1194 2949 1276 3012 teca,

157 3033 306 3096 Dominus
327 3033 383 3096 crit
402 3031 512 3098 duabus
534 3033 646 3094 lamiliis
672 3033 762 3095 lsrael
787 3034 818 3094 in
842 3035 1010 3096 scandalum
1030 3048 1061 3096 et
1081 3034 1194 3095 ruinam

158 3133 196 3172 eo
216 3123 352 3193 tempore
371 3131 519 3190 nunquam
541 3107 603 3170 lere
622 3124 773 3172 cessarunt
791 3110 892 3171 ludaei
911 3111 1046 3173 adsersus
1066 3113 1161 3171 Deum
1177 3099 1258 3178 buti*

182 3209 247 3264 ιιι,
278 3189 330 3252 sed
361 3187 483 3248 maxime
514 3185 662 3249 violentus
695 3187 751 3248 luit
782 3187 939 3250 conflictus
968 3189 1106 3252 adversus
1129 3181 1258 3264 Christum

157 3209 246 3340 Suae
266 3265 393 3327 eundem
414 3264 543 3324 furorem
565 3264 728 3335 imitantur,
753 3263 803 3345 qni
828 3284 859 3324 se
881 3263 1064 3328 Christianos
1083 3271 1196 3326 rocarts
1214 3267 1276 3309 ¹¹¹⁰*

160 3343 211 3422 qni
230 3341 357 3422 superbe
376 3339 434 3400 sibi
454 3353 594 3422 arrogant
613 3339 760 3400 Ecclesiae
781 3341 954 3432 primatum:
973 3362 1061 3422 saepe
1081 3331 1206 3422 quicquid
1214 3327 1257 3417 ba·

158 3417 233 3480 beot
252 3418 403 3500 potentiae
422 3415 458 3478 ad
478 3416 703 3496 opprimendum
717 3417 867 3478 Christum
887 3415 1057 3496 conferunt,
1078 3418 1127 3480 sed
1146 3419 1258 3474 utefflffl*

160 3496 269 3572 rimus,
301 3492 374 3556 nihil
400 3513 452 3552 eos
476 3493 555 3554 aliud
582 3493 742 3576 prolicere,
774 3495 829 3554 uisi
853 3506 887 3554 ut
910 3494 1028 3556 landem
1061 3495 1217 3576 frangantur
1233 3493 1257 3534 ²⁶

161 3582 363 3632 conterantur.
406 3569 483 3630 Nam
507 3569 563 3630 sub
589 3589 661 3630 voce
685 3573 789 3632 auium
817 3571 857 3631 ita
889 3591 1015 3650 poenam
1040 3572 1164 3652 Spiritus
1185 3571 1258 3620 tttcsss‘

161 3645 236 3707 dulis
261 3647 426 3718 denuntiat,
455 3657 488 3706 ut
513 3646 653 3706 discamus
680 3669 766 3726 quarn
791 3647 841 3709 lon
865 3648 961 3710 issimc
985 3647 1021 3710 ab
1048 3649 1116 3728 ipsis
1139 3635 1257 3704 rectit&

160 3745 200 3784 ιιι
219 3725 343 3784 societas
363 3723 468 3782 eodem
487 3743 542 3784 nos
562 3723 648 3782 exitio
669 3724 807 3786 involvat.
844 3667 909 3786 bec
929 3745 999 3786 veru
1020 3725 1114 3786 minua
1132 3721 1257 3807 prqpterrt

160 3799 300 3864 amandus
320 3809 365 3860 ιιι
384 3798 528 3876 Christus,
548 3799 627 3878 quod
648 3820 686 3860 eo
705 3813 846 3882 surgente
864 3802 948 3862 multi
967 3813 1119 3872 corruunt,
1135 3813 1194 3876 qun
1209 3785 1256 3874 llil

161 3887 261 3970 gratur
282 3887 312 3936 et
330 3876 423 3936 suavis
443 3897 504 3936 uon
525 3876 633 3936 desinit
652 3897 715 3938 esse
734 3877 886 3960 Evangelii
907 3879 1000 3954 odor,
1021 3875 1146 3958 quamvis
1164 3857 1256 3942 exitui¹⁵

161 3955 201 4015 sit
230 3953 321 4032 impio
351 3951 471 4011 mundo.
510 3952 543 4012 st
577 3954 640 4031 quis
660 3967 759 4036 roget,
792 3953 943 4034 quomodo
976 3957 1077 4016 ruinae
1104 3953 1140 4014 eit
1168 3947 1255 4004 occul>

163 4028 299 4092 Christus
322 4029 497 4102 incredulis,
521 4029 572 4107 qui
596 4029 654 4088 iarn
679 4042 758 4092 extra
778 4031 871 4110 ipsum
898 4031 1005 4122 perditi
1028 4044 1112 4104 suut,
1134 4019 1209 4088 sarilis
1225 4027 1257 4068 rt·

161 4107 283 4190 sponsio
309 4117 368 4179 est,
398 4105 448 4166 Bis
468 4105 576 4196 perire,
602 4106 650 4182 qui
676 4107 774 4168 oblata
794 4107 852 4167 sibi
876 4107 1013 4169 divinitus
1037 4107 1126 4170 salute
1149 4099 1255 4178 ultrttfl

162 4184 290 4266 privant.
327 4183 410 4264 Ergo
430 4202 514 4242 ruma
534 4181 679 4262 duplicem
701 4204 825 4263 poenam
846 4183 1005 4266 siguificat,
1030 4207 1104 4265 quac
1122 4191 1210 4239 ornnes
1224 4181 1255 4220 ΙΨ

163 4259 299 4319 credulos
318 4266 429 4332 manet,
450 4268 604 4338 postquam
625 4261 749 4320 scientes
770 4272 800 4318 et
819 4261 952 4322 volentes
972 4249 1255 4324 constituuntur

163 4335 300 4398 dixerint.
337 4333 378 4396 ts
394 4337 638 4398 morracium.
678 4337 779 4398 Priori
797 4335 933 4401 membro
950 4341 1110 4422 opponitur
1127 4331 1189 4393 bars
1203 4329 1254 4378 ⁶⁰⁹·
