2678 4860
5 2489 7 2494 ¹
82 2472 159 2522 taint·

295 213 299 220 .
425 243 506 323 (205.
542 245 646 310 Petrus
666 244 760 310 lesum
779 243 925 330 abnegat.)
1164 245 1223 306 845

78 408 141 474 est,
170 395 246 478 qood
269 396 385 489 l’etnn,
415 407 567 536 postquam
588 395 707 479 simplici
730 342 812 460 ahoe
854 396 921 460 ’one
946 395 1017 460 elabi
1037 417 1097 460 non
1117 395 1219 477 potuit,

7 493 9 526 ι
79 474 253 612 {pterposito
272 473 414 610 rureipurpn
435 493 453 534 o
471 472 582 609 crimep¹
600 473 739 566 duplicatp
757 495 838 556 prauo
877 486 923 536 ost
944 473 1151 610 pitiambqpum
1169 494 1219 610 rup-

102 561 369 720 pmuesn'tupmppgpm
394 563 843 702 ieniiluixciditmiiglbiliiain
863 563 1122 688 iiliiicii'subiidi
1139 570 1219 706 lipia

7 725 11 758 ι
79 703 201 842 mlvi·
216 704 369 842 cncipupprt²
376 723 392 763 a
411 701 601 840 mepiocpihps
637 703 740 840 ἷΊΙίίὶοιίι2
773 704 966 842 prpecippipep!e
963 702 1065 840 dpinple
1074 713 1191 840 'rogatu
1188 724 1219 764 ιιι

6 807 10 838 ·.
155 800 312 842 mannasca
423 801 455 839 ua
513 801 565 838 um
606 800 639 842 ex
681 800 802 842 rrursseo
1004 800 1115 840 acuns
1192 800 1220 840 cs

7 899 8 914 ι
81 857 210 918 vindicta
229 867 287 932 est,
305 876 341 916 ex
360 801 421 936 cinci
439 801 634 936 nosPSpiritus
652 855 742 918 uncti
759 856 860 918 auxilio
880 801 1036 937 privamur,
1063 853 1220 918 violentum

6 958 12 992 e
79 933 116 994 in
135 952 190 996 nos
207 930 357 1014 imperium
381 931 494 992 tandem
515 933 635 994 &uuae
660 931 839 1013 permittere,
869 943 902 992 ut
925 932 979 994 sibi
1002 953 1117 1012 prorsus
1139 931 1219 992 addi·

5 1037 11 1072 :
80 1021 150 1072 ctos
169 1021 199 1069 et
218 1009 390 1090 mancipatos
410 1007 464 1070 huc
484 1019 515 1070 et
533 1007 598 1070 illuc
618 1007 756 1102 proiiciat.
796 1009 830 1069 ld
849 1027 919 1071 vero
938 1008 1087 1090 praecipue
1105 1007 1135 1068 in
1154 1007 1219 1070 hdei

5 1117 7 1149 ι
79 1085 276 1168 abnegatione
301 1083 457 1166 contingit:
495 1085 559 1177 quia
584 1085 634 1147 uba
658 1085 720 1167 quis
743 1098 821 1148 metu
849 1085 942 1148 erucis
972 1085 1126 1146 deflexita
1169 1105 1221 1146 ura

79 1161 235 1244 Evangelii
260 1161 451 1242 professione,
484 1183 508 1223 n
534 1161 661 1222 nondum
685 1160 813 1224 hostibus
835 1161 1004 1224 satisfactum
1033 1181 1093 1223 esse
1117 1159 1145 1222 ι’
1165 1171 1220 1236 eat,

80 1238 161 1300 ultra
180 1237 374 1320 progrediturc
406 1247 436 1297 et
460 1238 536 1316 qood
560 1258 619 1298 non
643 1237 842 1300 ausus·luerat
862 1257 933 1319 pure
953 1236 1048 1312 lateri,
1078 1236 1139 1298 sine
1158 1236 1221 1298 ullis

6 1347 14 1378 ·.
79 1316 147 1378 inte
168 1313 288 1375 umentis
307 1333 423 1394 prorsus
442 1313 559 1378 abiurat.
598 1314 711 1376 Deinde
729 1315 785 1376 hoc
831 1334 923 1394 noque
942 1312 1148 1376 observandum
1168 1323 1221 1390 est,

4 1405 16 1458 ς,
80 1335 168 1472 quoi
183 1411 241 1450 uuo
264 1390 325 1450 l'ere
342 1389 476 1482 temporis
496 1401 603 1470 puncto
630 1402 675 1451 ter
695 1391 796 1452 Petrus
837 1388 967 1452 eiecerit:
998 1389 1065 1470 quia
1083 1389 1151 1452 hinc
1169 1411 1221 1470 ap·

4 1507 14 1536 r.
80 1481 181 1550 paret,
208 1486 291 1546 quam
314 1463 415 1526 lubrica
445 1477 473 1526 ct
498 1465 637 1545 prodires
659 1467 746 1528 simus
770 1467 804 1527 ad
831 1465 1000 1541 cadendum,
1030 1466 1144 1544 quoties
1167 1486 1221 1530 noa

14 1575 18 1584 ·
80 1547 174 1606 saun
195 1541 321 1624 impellit.
361 1541 449 1604 Certe
466 1541 556 1604 nullus
576 1543 630 1604 erit
655 1543 772 1605 cadendi
791 1543 905 1615 modus,
938 1541 992 1604 nisi
1011 1542 1151 1604 Dominus
1170 1562 1221 1603 cx-

4 1661 5 1666 ι
80 1631 169 1682 tenta
187 1639 273 1680 mann
291 1637 345 1680 noa
364 1617 493 1679 retineat.
544 1621 697 1698 Postquam
716 1619 745 1680 in
764 1620 852 1681 Petro
873 1618 1023 1680 exstinctos
1041 1615 1095 1678 luit
1114 1617 1221 1702 gratiae
1269 1653 1273 1660 =

3 1735 16 1750 1.
80 1694 258 1777 Spiritusvi
300 1715 328 1766 r,
359 1706 391 1754 ut
411 1693 528 1774 quisque
548 1694 577 1754 in
596 1716 662 1756 eum
681 1695 809 1757 incidens
827 1695 863 1756 do
883 1694 999 1756 Christo
1017 1705 1159 1776 rogasset,
1186 1692 1222 1756 atl

81 1783 204 1836 centnm
223 1793 241 1832 v
288 1768 363 1830 mille
381 1770 585 1852 abnegatioues
604 1771 702 1832 luisset
721 1783 839 1852 paratus.
878 1771 1047 1850 Quanquam
1066 1790 1137 1852 ergo
1157 1781 1221 1831 tuc-

2 1889 16 1923 ,ι
108 1847 234 1910 baianum
258 1845 297 1907 illi
325 1845 378 1908 luit
402 1859 446 1907 ter
470 1848 584 1922 cadere,
613 1847 752 1910 Dominus
770 1859 866 1909 tamen
884 1846 923 1908 illi
942 1845 1082 1938 pepercit,
1112 1847 1221 1930 linguas

9 1967 16 2000 2
141 1924 213 1986 tium
231 1922 381 1996 cohibens,
405 1941 444 1982 ne
467 1921 560 2014 plures
585 1923 704 1986 insultus
723 1934 882 1986 moverent.
921 1924 970 1986 Suc
990 1922 1073 1984 etiam
1097 1923 1222 2003 quotidie

2 2049 6 2064 .
80 2005 221 2065 Satanaan
235 1997 272 2060 ab
291 1997 353 2078 ipso
374 1997 479 2060 frenari
499 2019 614 2060 necesse
634 2011 690 2075 est,
717 2019 756 2062 ne
774 1999 928 2062 innumeris
947 1999 1149 2061 tentationibus
1168 2019 1222 2062 nos

1 2124 9 2137 ,
82 2079 202 2142 obruat.
240 2075 300 2138 Etsi
318 2074 394 2136 enim
414 2075 509 2136 multis
528 2074 662 2137 machinis
681 2096 735 2138 nos
754 2077 890 2158 impetere
909 2095 970 2138 non
989 2087 1088 2150 cessat,
1107 2075 1163 2154 nisi
1180 2088 1222 2136 ta-

1 2154 18 2232 '.,
82 2175 156 2216 men
179 2151 336 2224 Dominus,
366 2150 520 2212 infirmitati
545 2163 658 2225 nostrae
680 2149 844 2226 consulens,
873 2152 1009 2233 impetum
1033 2151 1137 2212 luroris
1161 2152 1223 2214 eius

82 2239 214 2302 arceret,
232 2249 298 2289 ccam
316 2226 452 2289 immensa
469 2228 660 2288 tentationum
679 2227 756 2288 mole
774 2227 857 2290 nohis
876 2226 1039 2288 certandum
1060 2227 1144 2288 soret.
1163 2229 1223 2290 lta-

83 2325 147 2390 que
171 2303 336 2368 celebranda
359 2302 443 2364 nobis
469 2315 512 2366 est
534 2304 587 2365 hac
613 2303 642 2364 in
665 2317 745 2386 parte
767 2304 958 2366 misericordia
982 2302 1114 2378 Domini,
1145 2305 1223 2384 quod

1 2385 16 2453 ζ.
83 2383 178 2446 hostis
201 2381 292 2444 nostri
314 2379 460 2442 libidinem
483 2380 530 2445 vix
552 2379 705 2442 centesima
734 2391 872 2462 exparte
899 2380 930 2442 in
953 2400 1007 2442 uos
1030 2379 1150 2464 grassari
1172 2401 1223 2462 pa·

159 2503 213 2600 ’Ἄ
235 2535 317 2594 Tune
334 2534 429 2670 mpii
447 2535 612 2595 saunari.
642 2531 705 2596 Hac
724 2531 807 2595 tertia
825 2529 1015 2617 abnegatione
1033 2531 1064 2593 in
1083 2553 1224 2594 summum

4 2663 18 2678 ..
85 2609 234 2675 mnam
257 2609 352 2692 erupit
400 2608 453 2670 etri
477 2627 545 2692 erpa
568 2609 732 2693 magistrum
752 2608 905 2672 infidelitas.
943 2609 1017 2670 Nam
1043 2607 1222 2671 iureiurando

1 2741 15 2766 f
85 2693 159 2749 non⁸
186 2697 338 2748 contentus
368 2684 403 2747 ad
432 2686 653 2748 exsecrationem
677 2686 810 2762 transilit,
842 2705 895 2768 qua
919 2705 1023 2767 corpus
1048 2696 1079 2747 et
1101 2683 1222 2746 animam

84 2785 169 2826 maun
192 2761 279 2826 exitio
304 2762 439 2824 devovet:
477 2761 531 2823 sibi
554 2761 630 2824 enim
655 2761 882 2825 maledictionem
905 2761 962 2822 Dei
984 2761 1169 2845 imprecatur,
1200 2761 1225 2824 si

12 2918 17 2927 ¹
86 2839 236 2932 Christum
254 2838 385 2933 noverit..
415 2837 512 2918 nsque
531 2838 648 2919 perinde
666 2838 723 2902 hoc
742 2837 818 2902 valet
836 2837 893 2932 acsi
911 2836 1033 2917 dixisset,
1050 2837 1122 2932 male
1140 2857 1226 2930 pere·

87 2914 817 3082 τι.ι.ιιιιιιιιιτιιιιιιιιιι
830 2917 911 3083 „tu
930 2913 1226 3082 dunsten·

3 3083 8 3091 ·
87 3068 209 3130 sanarit.
250 3067 404 3130 Caeterum
428 3066 473 3128 luc
491 3065 571 3130 locus
589 3067 686 3144 ducet,
715 3089 773 3129 non
793 3080 924 3149 protinus
948 3087 1008 3129 esse
1025 3067 1226 3149 blasphemram

1 3165 3 3225 ζ
87 3145 121 3206 ἰιι
141 3143 296 3226 Spiritum,
327 3143 430 3222 siquis
449 3143 609 3204 infirmitate
632 3143 723 3206 carnis
741 3141 832 3224 lapsus
858 3141 1007 3203 veritatem
1031 3143 1098 3205 licet
1125 3143 1227 3226 cogni-

90 3234 154 3282 tam
173 3220 308 3303 ahneget.
347 3220 484 3282 Audierat
502 3231 581 3282 certe
601 3221 703 3283 Petnu
721 3239 756 3282 ea
776 3239 828 3281 ore
846 3217 977 3292 Domini,
1003 3239 1086 3299 qoam
1104 3220 1227 3282 detesta-

5 3362 13 3373 ,
88 3297 159 3360 bilis
178 3297 214 3358 sit
232 3295 346 3378 perfidia
366 3315 461 3358 coram
480 3295 642 3357 hominihus
662 3297 753 3378 ipsum
770 3314 890 3380 negare:
927 3305 958 3356 et
981 3315 1064 3376 quam
1088 3295 1229 3362 horribilis

8 3388 12 3394 '
93 3395 149 3436 eos
172 3371 243 3434 ultio
269 3393 364 3434 coram
388 3372 454 3432 Deo
478 3383 508 3434 ct
532 3371 638 3470 angelis
661 3385 787 3447 maneat,
826 3370 875 3452 qui
893 3367 997 3507 ipnaso
1017 3370 1107 3433 crucis
1125 3372 1229 3435 timore

1 3471 2 3477 ¹
90 3448 163 3511 fidei
181 3447 389 3510 consessionem
406 3449 554 3510 deserunt:
573 3469 632 3510 ιιιιο
651 3467 711 3518 non
731 3448 832 3509 irunra
870 3467 934 3508 auo
954 3457 1036 3521 ante,
1058 3458 1181 3510 mortem
1201 3461 1231 3511 et

92 3525 217 3608 quodvis
235 3535 412 3588 sornenun
432 3523 540 3586 Christi
555 3525 737 3608 abnegationi
754 3467 934 3606 praetulerat
976 3525 1061 3586 Nunc
1174 3527 1231 3588 sci·

95 3623 151 3665 ens
172 3613 201 3664 et
218 3611 285 3661 ante
303 3601 462 3664 admonitos
480 3621 512 3662 se
529 3601 709 3683 praecipitata
736 3600 846 3662 reniam
870 3611 965 3662 tamen
986 3613 1085 3684 postea
1143 3601 1230 3666 tinet:

1 3680 2 3710 ³
91 3678 173 3738 unde
191 3676 330 3758 sequitur,
349 3675 526 3753 infirmitate,
545 3698 604 3739 non
624 3690 718 3740 antem
737 3674 881 3738 insanabili
899 3675 1002 3737 malitia
1020 3698 1161 3762 peccasse.
1181 3679 1232 3739 Li-

91 3754 202 3816 benter
220 3753 296 3816 enim
315 3751 431 3816 Christo
449 3753 632 3835 praestitisset
650 3753 777 3814 debiturn
796 3751 906 3835 pietatis
924 3752 1061 3832 officium,
1079 3755 1134 3819 nisi
1152 3767 1232 3818 metu

1 3909 2 3913 Ἰ
93 3829 250 3894 eastioctae
268 3830 342 3892 recti
360 3829 481 3892 allectus
498 3828 633 3894 scintillae
655 3829 782 3892 luissent.

176 3909 223 3969 75.
262 3909 302 3966 Es
324 3907 498 3967 recordatur
517 3917 564 3968 est
582 3907 702 3968 Petrus.
742 3904 788 3968 nd
805 3926 907 3970 rocem
926 3905 991 3991 galli
1013 3905 1130 3969 accessit
1148 3907 1232 3970 etiam

1 4007 2 4016 ¹
96 3981 207 4074 Christi
227 3979 361 4058 intuitus,
380 3981 565 4074 testeluca:
593 4003 656 4043 nam
676 3981 754 4074 prius
773 3995 921 4074 cpnentem
940 3983 1042 4064 gallum
1061 3981 1234 4074 neglexerat,

97 4059 184 4122 dcun
204 4077 239 4118 ex
258 4060 357 4120 blatto
374 4059 540 4120 sonamus
578 4058 608 4120 A
627 4057 744 4120 Chresto
762 4057 851 4150 igitur
867 4060 977 4150 respici·
989 4069 1131 4150 opoptmt,
1149 4071 1181 4121 ut
1199 4061 1234 4122 ad

1 4159 2 4166 ¹
96 4155 130 4200 ae
151 4133 267 4196 rediret
304 4134 385 4196 Idem
404 4145 434 4196 et
450 4131 482 4195 in
502 4133 583 4198 nobis
602 4133 704 4218 siugcdi
723 4155 894 4217 experimur:
930 4157 992 4216 qun
1010 4155 1086 4196 eorm
1104 4147 1234 4198 nostrum

1 4237 2 4240 ¹
98 4231 202 4274 secure
226 4230 285 4272 non
310 4209 445 4292 praeterit
470 4211 559 4272 surdis
577 4211 705 4284 auribus,
731 4230 791 4271 non
816 4211 880 4274 dico
900 4211 993 4272 varios
1017 4221 1048 4272 et
1067 4210 1234 4296 multiplices

1 4291 2 4318 ¹
100 4285 198 4348 ιιίιιιιι
218 4297 316 4347 cantus
335 4285 398 4368 (qni
416 4297 511 4348 tamen
536 4305 589 4349 nos
613 4287 647 4347 acl
666 4288 761 4348 Deum
779 4285 990 4370 glorificandum
1010 4285 1159 4362 incitant),
1186 4289 1235 4349 sed

1 4371 2 4382 ¹
100 4359 1235 4449 ipamDeiroewpaeclareetartieolateinLegisetErangeliido·
