2678 4860
289 223 292 230 Δ
368 193 451 274 (²⁰⁰.
491 191 570 258 lesus
589 194 618 258 io
639 190 857 274 Getbsemaoe.)
1128 197 1185 264 att

27 369 92 422 es,
129 354 162 409 ut
181 345 288 428 abque
307 335 445 410 conflictu
464 357 495 410 et
513 347 698 446 repugnantia
717 349 794 410 inter
814 367 845 412 se
863 345 1006 411 differant
1044 345 1102 410 ilie
1122 347 1184 429 qui-

27 426 109 484 tem
133 424 214 485 locos
234 423 307 486 clare
326 423 413 486 discet
431 425 514 488 nimis
540 425 676 505 insipidos
703 425 789 487 luisse
809 437 920 486 veteres
940 425 1111 503 haereticos,
1136 423 1184 506 qui

27 499 262 562 nonesteleue
282 501 350 562 dicti
369 513 448 577 suut,
482 504 559 584 quod
576 504 718 587 fingerent
739 501 882 564 Christum
900 522 960 565 non
981 501 1034 562 nisi
1051 521 1107 562 uua
1129 521 1182 564 vo-

28 589 153 638 untate
177 587 208 637 et
231 577 352 657 simplici
372 578 458 640 luisse
482 579 657 660 praeditum:
695 597 788 660 neque
813 579 902 656 enim,
943 591 1080 660 quatenns
1103 579 1182 644 neus

27 665 116 729 erat,
139 653 217 715 aliud
236 655 324 715 voluit
344 673 427 736 quarn
450 655 543 716 Pater.
588 654 725 738 Sequitur
744 675 816 740 ergo
836 657 974 717 humanae
994 655 1053 716 eius
1072 655 1181 717 animae

27 753 102 791 tuos
127 729 215 791 fuisse
233 729 353 792 aflectus
377 731 413 791 ab
440 751 543 793 arcano
564 732 620 794 Dei
644 730 765 794 consilio
785 731 942 795 distinctos.
982 733 1043 792 Iam
1062 731 1180 794 verosi

27 807 191 868 Christum
211 807 340 888 oportuit
360 807 497 890 captivam
518 821 617 871 tenere
640 831 717 870 suam
736 809 927 884 voluntatem,
951 820 984 870 ut
1003 830 1064 868 eam
1089 808 1178 869 subii-

27 893 116 944 :eret
136 882 196 944 Dei
215 883 252 942 im
275 884 349 958 erio,
389 884 493 946 namvis
513 897 592 948 recte
612 887 759 946 moderata
777 898 861 964 esset,
881 905 963 967 quam
983 884 1102 946 sollicite
1122 905 1177 946 no-

27 961 65 1022 ris
92 981 131 1020 re
170 903 280 1020 ‘menda
304 972 347 1021 est
364 905 519 1022 disemum
540 974 702 1024 nostrorum
722 962 850 1038 licentia,
877 963 975 1043 quiet
997 980 1110 1084 semper
1131 961 1178 1021 in-

27 1035 116 1098 tonsi
190 1036 211 1096 ti
231 1035 362 1097 seruntur
380 1056 412 1098 ac
433 1039 609 1129 praecipites,
628 1049 658 1098 et
677 1040 852 1101 contumacia
870 1037 969 1099 reierti
986 1049 1063 1102 sunt.
1088 1035 1180 1112 Quod

27 1111 41 1170 i
65 1131 132 1174 uos
178 1112 299 1176 obernet
317 1113 374 1174 Dei
393 1114 530 1194 Spiritus,
552 1127 585 1176 ut
604 1115 673 1176 nibil
693 1115 811 1176 velimus
831 1113 885 1174 nisi
904 1114 1007 1175 rationi
1026 1118 1181 1175 eonseuta'-'

27 1209 138 1264 reum,
191 1209 227 1250 eo
246 1201 340 1250 umen
361 1190 433 1250 hanc
453 1189 588 1254 debemus
608 1191 811 1266 obedientiam,
832 1201 864 1251 ut
884 1191 1024 1272 patienter
1043 1190 1175 1268 ieramus,

27 1266 108 1325 rotis
131 1266 241 1328 nostris
260 1285 319 1326 non
338 1267 398 1327 dari
417 1289 585 1329 successum.
624 1271 697 1330 Nam
717 1269 786 1329 haec
802 1267 867 1328 fidei
885 1267 1021 1328 modestia
1040 1279 1091 1344 est,
1109 1267 1176 1330 Deo

28 1343 215 1416 »remittere
235 1353 267 1401 ut
286 1341 367 1404 aliter
389 1353 493 1404 statuat
511 1365 595 1424 quam
614 1364 667 1408 nos
688 1346 825 1427 cupimus.
854 1342 1020 1404 Praesertim
1040 1343 1109 1406 baec
1129 1364 1176 1404 re·

27 1417 94 1500 gula
118 1417 246 1478 tenenda
265 1429 323 1494 est,
343 1419 394 1479 uhi
413 1421 497 1482 nobis·
517 1441 576 1481 non
596 1431 707 1482 constat
729 1433 805 1481 certa
825 1432 853 1480 et
873 1418 997 1513 specialis
1016 1419 1175 1500 promissio,

27 1515 56 1554 re
78 1495 159 1586 quid
185 1505 310 1576 petamus
330 1495 383 1557 nisi
401 1495 453 1558 sub
473 1496 525 1558 hac
544 1498 722 1574 conditione,
743 1508 775 1557 ut
794 1497 872 1557 Deus
891 1495 1005 1578 impleat
1025 1496 1103 1578 quod
1121 1495 1173 1557 de·

27 1583 136 1632 revit:
160 1571 238 1650 quod
256 1571 319 1632 lieri
343 1592 402 1634 uon
443 1585 531 1650 otest,
550 1575 617 1656 quin
638 1587 705 1634 sota
724 1585 821 1634 nostra
843 1571 882 1630 illi
902 1573 958 1634 resi
981 1591 1087 1634 nemus.
1112 1573 1173 1634 Iam

27 1646 182 1784 qpaeritm
198 1647 263 1726 quid
285 1649 393 1710 orando
413 1593 544 1712 doristus
565 1649 736 1731 profecerit:
755 1648 946 1733 Apostolusa
985 1648 1075 1709 llebr.
1096 1651 1126 1740 o,
1144 1651 1172 1712 7.

36 1725 110 1800 'cit,
132 1723 297 1787 moditum
319 1723 404 1786 luisse
422 1747 439 1787 a
457 1747 509 1786 suo
529 1739 607 1787 metu
628 1727 683 1804 (sic
703 1726 778 1787 enirn
799 1725 904 1806 exponi
922 1724 1097 1790 debetlocos
1116 1723 1174 1802 rlle,

27 1823 85 1862 ron
107 1808 209 1861 autern
230 1811 264 1860 ut
283 1800 369 1882 vulgo
392 1800 511 1895 legitur,
541 1820 595 1884 pro
618 1823 667 1864 sua
691 1801 886 1878 reverentia).
945 1799 979 1861 ld
1000 1819 1092 1884 porro
1111 1821 1173 1861 nou

27 1878 202 1958 pmdraret,
226 1877 392 1938 simortem
416 1878 580 1960 simpliciter
598 1879 739 1940 timuisset
758 1877 903 1953 Christus,
942 1879 1007 1960 quia
1032 1878 1067 1938 ab
1087 1897 1120 1939 ea
1139 1876 1174 1938 li-

27 1965 149 2014 »eratus
170 1971 229 2014 nnn
249 1952 313 2016 l'uit.
347 1955 434 2016 Unde
452 1955 582 2036 sequitur
600 1955 738 2040 gravioris
757 1953 821 2014 mali
841 1955 944 2025 timore
964 1955 1000 2015 ad
1018 1949 1174 2035 deprecan-

27 2033 88 2090 lam
113 2040 243 2090 mortem
262 2029 348 2090 luisse
366 2031 508 2090 adartnmr
532 2051 636 2112 nempe
674 2053 740 2090 num
759 2031 830 2090 iram
850 2030 906 2090 Dei
923 2029 977 2091 sibi
995 2030 1171 2112 propositam

27 2109 159 2184 rideret,
185 2116 322 2188 qnatenus
340 2105 376 2166 ad
396 2107 455 2168 eius
476 2105 597 2168 tribunal
617 2054 704 2168 tullus
723 2107 821 2167 mnndi
841 2107 965 2188 peccatis
985 2117 1118 2166 oneratus
1140 2117 1181 2168 se'

27 2182 166 2256 istebat,
204 2202 320 2244 neeesse
344 2181 384 2243 illi
410 2183 465 2244 luit
485 2183 652 2266 profundam
677 2183 776 2244 mortis
799 2181 929 2265 abyssum
957 2183 1170 2242 exhorrescere.

27 2261 210 2340 Quanquam
228 2277 299 2342 ergo
318 2271 441 2320 mortem
460 2259 604 2334 sustinuit,
630 2259 694 2341 quia
712 2271 806 2320 tamen
827 2257 926 2321 solutis
946 2259 1005 2319 eins
1024 2257 1171 2320 doloribus

27 2335 285 2418 [quemadmodum
305 2348 335 2396 et
353 2336 457 2402 Petrus
476 2337 563 2399 docet
582 2337 648 2398 Aet.
669 2337 702 2412 2,
720 2335 801 2411 at),
821 2336 951 2416 superior
971 2335 1059 2400 evasit
1076 2335 1111 2394 iu
1126 2333 1180 2394 lu-'

27 2427 85 2490 aa,
110 2410 216 2472 merito
235 2410 304 2472 dicit
322 2412 494 2493 Apostolus,
513 2413 673 2476 muditum
692 2412 778 2474 luisse
797 2433 813 2473 a
831 2432 884 2474 suo
902 2421 989 2474 rnela.
1048 2409 1105 2474 Hic
1124 2409 1170 2470 in-

27 2489 110 2552 locti
128 2485 260 2548 homines
279 2488 441 2572 insurgunt,
460 2510 580 2570 remque
598 2491 656 2552 indi
700 2510 744 2551 am
764 2508 825 2551 esse
845 2487 1000 2564 clamitant,
1022 2487 1099 2569 qnod
1119 2487 1179 2548 ve-'

27 2567 95 2626 itus
118 2565 157 2625 sit
176 2561 304 2626 Christus
322 2564 467 2628 absorberi
487 2585 502 2626 a
521 2577 624 2627 morte
690 2587 729 2649 go
748 2575 843 2626 autern
860 2563 937 2646 ipsos
956 2565 1025 2625 milri
1045 2583 1169 2656 respon-

27 2647 93 2704 lere
121 2637 223 2715 uelim,
247 2659 396 2720 quemnam
426 2642 512 2704 luisse
533 2654 643 2704 metum
671 2653 784 2724 putent,
814 2641 862 2724 qui
887 2651 981 2724 guttas
1004 2646 1171 2724 sangnrueas

27 2718 151 2783 Christo
171 2717 321 2798 expressit:
341 2725 485 2799 nunquam
507 2718 583 2780 enim
602 2717 655 2779 nisi
675 2740 691 2780 a
710 2718 773 2779 diro
792 2727 822 2778 et
840 2717 956 2780 insolito
975 2717 1095 2778 horrore
1113 2717 1169 2776 llu-

27 2798 116 2858 risset
135 2791 263 2856 mortalis
283 2793 330 2855 ille
348 2795 443 2856 sodor.
483 2795 515 2856 st
535 2795 597 2875 quis
614 2795 700 2858 hodie
717 2793 843 2856 sudando
863 2794 1030 2888 sanguinem
1051 2793 1169 2869 emittat,¹

27 2887 46 2936 tt
67 2869 193 2952 quidem
212 2881 289 2932 tanta
310 2869 390 2954 copia
410 2881 444 2932 nt
462 2881 562 2965 guttae
580 2871 610 2932 in
629 2883 733 2934 terram
754 2869 893 2946 distillent,
913 2871 1078 2932 incredibile
1098 2886 1168 2964 por-

27 2961 144 3012 eurum
164 2945 230 3007 erit:
255 2945 344 3010 sicui
363 2949 418 3010 boc
439 2949 586 3044 contingat
610 2949 710 3010 mortis
728 2947 848 3022 timore,
868 2946 973 3028 pusillo
991 2957 1022 3007 et
1039 2945 1170 3010 muliebri
1177 2960 1181 2972 ’

27 3027 125 3086 muno
146 3041 208 3083 esse
226 3022 358 3085 dicemus.
397 3025 477 3117 Ergo
499 3045 547 3108 qur
567 3025 710 3087 Christum
734 3033 840 3104 negant
863 3034 1010 3104 precatum
1030 3043 1107 3100 esse,
1135 3033 1168 3083 ut

27 3123 93 3164 rnna
116 3101 205 3160 Pater
223 3101 354 3161 amortis
373 3113 487 3185 gurgite
508 3103 638 3184 eriperet,
658 3095 804 3161 mollitiem
823 3097 863 3157 illi
882 3097 1023 3180 affingunt
1041 3097 1087 3159 vel
1106 3099 1170 3180 ple-

27 3179 93 3241 reio
118 3175 237 3238 bomine
260 3177 413 3260 indignam.
460 3177 493 3238 Si
520 3179 580 3260 quis
601 3177 725 3252 obiiciat,
749 3172 921 3236 infidelitatis
946 3193 1005 3234 csse
1033 3173 1168 3234 timorem

27 3257 108 3316 llum
128 3269 217 3333 quern
234 3251 314 3329 dico,
341 3253 372 3313 in
391 3265 526 3348 promptu
545 3253 649 3315 solutio
668 3264 724 3328 est,
749 3270 836 3345 quum
861 3250 973 3312 divinae
993 3247 1168 3312 maledictio·

27 3335 61 3392 ris
90 3331 219 3390 horrore
239 3329 380 3409 perculsus
401 3341 444 3391 est
463 3331 603 3406 (hristus,
622 3331 663 3392 ric
683 3340 787 3390 tartum
809 3327 894 3388 luisse
915 3325 1005 3388 camis
1023 3345 1115 3402 sensu,
1135 3337 1169 3386 ut

27 3409 95 3470 ides
115 3405 210 3466 illaesa
229 3417 258 3466 et
276 3405 425 3468 incolumis
445 3418 581 3470 maneret
634 3407 715 3468 Fecit
733 3404 809 3467 enirn
829 3418 945 3464 naturae
965 3403 1025 3465 cius
1047 3401 1167 3486 integri-

27 3503 85 3558 us,
109 3493 144 3543 ut
164 3481 288 3557 medem,
307 3500 380 3561 quae
399 3498 456 3544 nos
471 3483 528 3544 suis
547 3481 650 3544 aculeis
669 3493 815 3566 pungunt,
834 3480 1090 3542 tentationessine
1108 3479 1170 3543 vul-

27 3581 97 3624 rerc
117 3557 247 3620 sentiret.
286 3559 406 3620 lnterim
427 3558 513 3620 stulte
539 3559 730 3642 imaginantur
753 3559 814 3620 sine
840 3559 995 3618 certamine
1017 3555 1167 3634 victorem,

27 3639 69 3720 qni
95 3635 289 3696 tentationum
306 3652 391 3696 sensu
411 3655 475 3698 enm
497 3636 632 3696 exirnunt.
670 3635 734 3698 Nec
752 3655 822 3696 vero
842 3647 942 3715 putare
962 3633 1003 3695 las
1023 3645 1068 3696 est
1087 3633 1164 3714 qnic-
1267 3699 1273 3708 J

27 3733 114 3797 quarn
140 3731 207 3772 euur
227 3711 384 3786 simulasse,
413 3713 480 3774 doru
506 3723 678 3794 conquestus
702 3722 746 3772 est
770 3711 807 3772 de
831 3710 944 3772 mortali
969 3710 1079 3772 animae
1102 3716 1179 3771 suae‘

27 3787 157 3881 sistitia:
176 3805 230 3848 uec
248 3788 361 3849 mentiti
379 3800 446 3850 suut
464 3788 669 3872 Evangelistar,
690 3786 831 3849 moestitia
849 3786 935 3849 luisse
957 3797 1120 3870 correptum
1140 3797 1169 3848 et

27 3885 178 4006 ψῖὅῗο
194 3875 400 4004 bindidliod
416 3939 586 4020 dtscr'pulos.
627 3937 796 4032 Quanquam
815 3959 870 4032 neq
888 3949 967 4001 metu
986 3936 1095 4030 solutus
1114 3957 1169 3999 nec

27 4041 96 4081 mea
115 4017 223 4079 laxatus
243 4029 317 4093 erat,
337 4017 453 4080 remissa
467 4029 562 4080 tamen
584 4017 717 4100 precandi
737 4028 937 4088 contentione,
962 4013 1093 4076 solatrum
1111 4013 1168 4076 hoc

28 4092 209 4176 nterposuit.
247 4093 349 4178 Neque
368 4095 445 4156 enirn
468 4094 529 4156 talis
554 4093 706 4175 requiritur
725 4091 860 4176 precandi
885 4090 1027 4153 assiduitas
1044 4111 1061 4152 a
1079 4089 1168 4152 fideli-

27 4195 95 4248 sus,
117 4181 152 4230 ut
170 4189 315 4250 nunquam
332 4191 349 4234 a
367 4171 425 4233 Dei
445 4169 586 4254 colloquio
606 4171 763 4232 discedant:
794 4169 862 4252 quin
880 4167 974 4250 potius
994 4165 1101 4231 Christi
1120 4187 1168 4228 ex-

27 4245 126 4332 emplo
146 4266 210 4310 suas
230 4247 374 4311 orationes
394 4248 562 4310 continuant
600 4247 666 4309 dum
685 4265 815 4330 eousque
833 4244 976 4335 progressi
1035 4250 1081 4306 un‘
1095 4243 1180 4325 pati-¹

27 4349 73 4390 sur
100 4321 267 4404 infirmita,
293 4326 328 4388 ad
352 4325 488 4412 nequem
510 4291 626 4412 quidem
649 4337 761 4406 tempus
785 4333 909 4400 cesum,
932 4265 1050 4386 subinde
1074 4333 1179 4386 tamer
