2678 4860
169 233 228 302 stt
390 231 502 300 suet.
523 229 603 292 xlx.
645 245 770 294 cunssrr
791 220 967 345 sanemur
989 245 1080 294 nors.

171 391 266 468 tlnm,
294 405 395 476 quitur
415 383 594 464 audissent,
623 381 787 458 dicebant,
816 381 922 449 Ellam
944 393 1039 451 vocat
1057 387 1123 452 iste.
1177 381 1261 450 ldlt

172 493 328 560 continuo
349 511 481 556 currens
504 507 586 554 unus
609 509 648 553 ex
671 487 731 566 eis,
753 507 852 573 quum
876 497 1037 575 acceptam
1057 485 1205 576 spongiau
1221 489 1259 552 in·

173 594 294 684 plessct
318 603 426 674 aceto,
455 592 609 680 imposuit
636 587 801 668 arundini,
837 587 1000 676 dabatque
1026 591 1056 654 ci
1080 587 1189 656 bibere.
1226 589 1262 654 ts

174 695 304 766 Caeteri
326 717 406 763 vero
428 693 591 772 dicebant,
613 693 705 770 Sine,
727 691 906 772 videamus,
932 713 975 758 an
997 694 1101 759 veniat
1117 691 1193 760 Elisr
1205 689 1261 756 tte

175 808 304 870 returns
327 821 410 864 eum.
453 797 504 861 50.
528 797 616 861 lesus
639 804 758 874 autem,
787 817 884 882 quum
907 799 1022 879 iteum
1045 793 1258 867 denarraret

174 923 303 992 magua,
326 902 429 968 emisit
451 901 605 986 spirituus.
649 898 703 962 bl.
723 899 764 962 Et
786 917 879 976 ecce,
905 892 1012 966 velum
1042 897 1146 986 templi
1167 897 1263 965 tritten

176 1016 226 1072 est
247 1007 282 1072 iu
304 1005 386 1071 duas
407 1011 513 1088 partes
536 1023 554 1066 a
577 1020 702 1066 summo
726 1021 830 1088 nsque
852 999 894 1066 sd
922 1003 1034 1067 iurum:
1070 1011 1101 1068 et
1120 1011 1191 1068 terra
1205 1009 1266 1064 nntr

176 1115 242 1190 est,
276 1115 307 1174 et
334 1115 442 1194 petrae
464 1103 585 1168 scissae
607 1105 690 1169 siant.
733 1103 786 1168 52.
808 1103 850 1169 Et
872 1111 1080 1170 monumenta
1100 1113 1194 1191 aperta
1209 1109 1266 1176 sunt,

176 1219 209 1276 et
240 1205 340 1276 nrrrlta
366 1227 508 1296 corpora
532 1215 733 1286 sanctorum,
767 1207 824 1293 qni
851 1204 1061 1284 dormierant,
1099 1213 1267 1272 sonuertnt

176 1311 231 1376 53.
252 1311 298 1377 Et
317 1310 438 1396 egressi
460 1329 479 1373 e
500 1309 716 1377 monumentis
736 1318 812 1396 post
829 1311 1097 1375 resrrrrectionen
1119 1311 1188 1388 eins,
1202 1325 1269 1371 rene

177 1421 252 1484 runt
272 1413 308 1480 in
329 1420 470 1478 sanctam
493 1411 664 1492 civitatem,
699 1420 731 1478 et
751 1421 966 1500 apparuerunt
989 1411 1106 1480 multis.
1145 1411 1192 1478 il.
1209 1407 1270 1478 Cen·

179 1517 266 1582 turio
293 1537 389 1596 vero,
422 1524 455 1581 et
481 1515 536 1600 qni
566 1534 639 1580 cnm
668 1533 709 1579 eo
730 1523 822 1578 erant
842 1511 1064 1582 custodientes
1090 1516 1198 1591 lemn,
1222 1513 1272 1574 rin

178 1625 394 1684 terraemotu
417 1624 449 1682 et
469 1618 523 1694 lis,
554 1637 638 1704 qnae
659 1615 742 1681 lacta
764 1615 903 1695 inerant,
940 1619 1113 1682 tinnuerunt
1132 1615 1223 1694 valde,
1240 1613 1274 1678 li-

180 1731 302 1802 centes,
333 1721 423 1786 Vere
443 1717 547 1784 Filius
569 1719 632 1784 Dei
655 1728 722 1785 erat
744 1719 813 1788 iste.
855 1717 908 1786 55.
930 1719 1029 1786 Erant
1051 1729 1151 1786 autern
1170 1715 1208 1786 iti
1226 1737 1273 1780 nu·

177 1821 275 1890 lieren
298 1819 417 1889 multae
442 1819 662 1908 elonginqoo
685 1831 879 1906 spectantes,
909 1841 993 1908 qnae
1013 1833 1164 1909 aquitae
1183 1821 1274 1886 lnean

178 1923 285 1990 lesum
307 1945 326 1987 a
348 1919 510 2000 Galilaea,
539 1924 755 1988 ministrantes
778 1926 818 1990 ei.
861 1923 914 1991 ot.
941 1925 1029 1988 luter
1057 1945 1135 2012 quas
1154 1933 1210 1990 erat
1227 1921 1274 1986 lla

180 2028 229 2092 ria
249 2023 457 2114 Magdalene,
492 2034 523 2092 et
545 2023 650 2092 Maria
671 2021 783 2094 iacobi
806 2035 838 2093 ct
859 2025 935 2092 lose
954 2033 1073 2106 mater,
1103 2036 1135 2095 et
1152 2035 1234 2094 nater
1249 2022 1275 2088 t-

178 2127 298 2204 liorum
319 2125 489 2196 Zebedaei.

264 2347 405 2420 MARC.
426 2348 499 2416 XV.
541 2347 594 2416 3³.
625 2347 734 2432 Quum
762 2369 841 2416 vero
877 2347 960 2418 lacte
995 2355 1083 2416 esset
1112 2346 1185 2414 lora
1206 2349 1274 2416 cult

179 2448 332 2517 tenebrae
353 2459 444 2518 onae
465 2459 539 2515 sunt
561 2469 661 2538 super
682 2460 780 2516 toturn
802 2461 918 2517 terrant
937 2469 1041 2540 usqne
1063 2449 1105 2517 ad
1126 2451 1220 2516 loun
1234 2463 1274 2508 ne

178 2573 262 2622 uana.
305 2551 358 2620 34.
380 2551 423 2621 Et
444 2551 526 2618 ltora
547 2572 633 2618 nona
656 2551 802 2620 clamavit
823 2555 913 2620 lesus
934 2574 1017 2621 voce
1039 2573 1163 2640 magna,
1188 2549 1274 2620 tien

177 2651 270 2734 utet,
289 2651 381 2734 Elei,
401 2653 484 2721 lama
505 2653 733 2722 sabachthani?
767 2654 860 2742 quod
886 2667 948 2735 est,
983 2658 1012 2722 si
1032 2657 1107 2742 quis
1127 2656 1275 2736 interprete·

179 2766 247 2835 tor,
280 2757 370 2824 Deus
401 2777 507 2836 meus,
540 2757 633 2823 Dens
660 2777 764 2835 meus,
802 2779 861 2823 cnr
888 2778 939 2824 me
969 2755 1153 2824 deseruisti?
1188 2747 1274 2818 Mt

180 2855 309 2946 quidam
331 2859 513 2938 astantium,
550 2881 648 2948 qnnrn
671 2857 849 2942 audissent,
885 2857 1052 2942 dicebant,
1086 2859 1181 2935 Ecce,
1200 2849 1273 2920 Elim

179 2969 283 3034 voest.
325 2961 668 3028 summonitionem
690 2961 829 3049 quidam,
851 2973 884 3028 et
905 2962 1034 3050 impleta
1057 2963 1274 3050 spongiosam,

177 3063 394 3154 impositaque
414 3063 577 3144 arundini,
599 3068 741 3154 porrexit
762 3063 810 3130 llli
832 3073 961 3152 potnm,
983 3063 1113 3146 (licens,
1133 3061 1228 3132 sinit
1242 3055 1274 3116 tl

180 3165 327 3248 dermua,
348 3188 390 3234 an
411 3177 565 3234 venturus
589 3170 629 3234 sit
650 3167 739 3232 Elias
762 3165 803 3233 nd
827 3165 954 3256 depone
1024 3189 1054 3234 m
1079 3188 1157 3234 eun.
1184 3161 1226 3228 dl.
1242 3157 1273 3222 lc

178 3289 236 3336 sna
258 3277 363 3336 antem
386 3271 500 3338 emissa
522 3287 603 3334 soce
625 3291 738 3356 inagna
760 3165 1273 3460 exspiravit.}1·21relnntre

179 3370 226 3460 pli
250 3373 384 3438 scissum
406 3381 455 3438 est
477 3375 511 3438 tn
533 3371 613 3437 duas
635 3383 742 3460 partes
763 3395 782 3438 a
804 3391 930 3440 summo
1034 3370 1114 3438 ead
1135 3370 1223 3436 iuuat.
1237 3359 1271 3425 ffl-

180 3471 290 3560 Quum
311 3472 447 3542 vidisset
475 3480 581 3542 autern
603 3471 775 3552 Centurio,
809 3477 866 3562 qui
888 3497 906 3542 e
928 3476 1062 3564 regione
1089 3475 1155 3541 eins
1178 3461 1272 3536 nott

177 3573 269 3665 quod
296 3575 344 3644 rie
370 3577 489 3644 emisso
517 3575 657 3642 clamore
686 3579 890 3666 exspirasset,
918 3576 1010 3657 dixit,
1031 3577 1120 3643 Vere
1139 3575 1222 3640 tuo
1236 3565 1270 3626 llt

179 3674 284 3744 Filius
313 3686 381 3743 crat
408 3679 484 3746 Dei.
538 3679 590 3744 lli.
612 3679 714 3746 Erant
744 3689 847 3746 autern
873 3688 904 3746 et
924 3679 1076 3747 mulieres
1097 3699 1116 3745 e
1134 3675 1269 3760 tugiam

178 3788 374 3873 spectantes,
407 3781 490 3846 inter
511 3801 592 3868 quas
615 3793 681 3848 erat
703 3783 807 3848 Maria
829 3781 1038 3870 Magdaleoe,
1073 3791 1105 3850 et
1125 3769 1268 3853 Metitall

178 3881 255 3954 coni
277 3883 369 3972 parvi
392 3892 424 3950 et
445 3883 521 3949 lore
542 3893 650 3962 rnnter,
671 3894 702 3950 et
725 3883 865 3954 Salurne.
887 3887 940 3953 ll.
957 3886 1069 3972 (Quae
1090 3885 1185 3960 etiarn,
1201 3887 1267 3962 φῦ

177 3995 263 4054 erret
287 3985 321 4056 io
347 3983 505 4064 Galilaea,
539 3995 695 4074 sequutae
720 3987 845 4053 lucrant
868 3987 975 4068 illum,
1009 3996 1039 4053 et
1061 3975 1264 4051 ministrarent!

178 4089 230 4168 ei)
255 4088 402 4177 aliaeque
430 4087 628 4180 complures,
671 4111 754 4180 quae
782 4087 877 4160 etnut
906 4087 1113 4160 ascenderant
1136 4103 1199 4152 eun
1219 4076 1261 4160 ῖΡω

178 4189 448 4284 Hierosolymam.
