2568 4848
161 241 201 302 ἠ
336 233 490 299 SECTIO
512 234 552 298 ΙΙ.
590 235 727 296 toauurs
746 233 934 298 Barrrsrae
952 249 1104 298 aaranes.
1208 223 1211 232 ’

161 381 809 461 uatt,asveutssuarer1tontntmet
836 381 877 446 ad
896 387 968 450 me?
1008 384 1060 449 dd
1089 381 1169 446 liure
1193 385 1282 446 cuiun

162 493 197 550 ut
219 483 302 548 lacta
325 495 373 550 eet
382 504 446 550 vox
466 481 670 548 salutationis
691 493 766 548 tuae
788 484 821 548 iu
844 481 976 549 auribus
998 489 1083 560 meis,
1103 482 1181 547 saliit
1198 501 1282 570 prae*

161 585 280 672 gaudio
302 585 408 652 iulans
427 585 462 650 in
482 592 576 648 utero
588 604 672 648 meo.
695 583 746 650 45.
765 581 806 651 Et
826 581 921 650 beata
935 607 1017 672 quae
1040 581 1184 662 credidit,
1202 585 1260 670 quia

160 687 429 774 complementum
451 685 512 749 erit
531 685 581 762 iis,
600 704 685 768 quae
706 682 793 750 dicta
814 696 888 751 suut
909 684 958 750 illi
979 707 998 750 a
1020 684 1168 750 Domino.
1281 715 1282 746 t

236 856 284 917 39.
321 849 497 925 flamm
515 860 609 907 mars
628 846 743 908 Mrem
781 849 935 910 Profectio
956 847 1037 922 haec,
1053 847 1282 908 euiamniritt

161 931 264 1001 Lucas,
280 937 406 986 testatur
426 945 486 986 nou
507 925 656 984 evanidam
677 923 765 986 luisse
777 925 889 985 ldariae
905 924 1004 998 fidere,
1024 925 1090 1003 quia
1110 923 1282 984 nondilllritt

161 1025 218 1065 uasa
236 1023 303 1063 curu
322 1001 431 1085 Augeli
450 1012 613 1094 conspecte
631 1000 691 1061 Dei
709 1003 881 1082 promissio,
901 1000 953 1062 sed
972 1001 1036 1060 eius
1053 1002 1150 1061 auimo
1168 998 1260 1060 insidet

160 1078 322 1141 festinatio
347 1091 443 1139 autem
468 1078 539 1138 seria
563 1076 751 1159 ardentisque
774 1077 899 1138 allectus
916 1077 999 1138 testis
1019 1088 1072 1138 est.
1110 1077 1180 1138 lnde
1197 1073 1282 1136 colli-t

181 1155 337 1230 creticos,
365 1153 539 1236 posthabitis
570 1153 707 1215 omnibus
738 1153 802 1215 aliis
832 1155 921 1215 rebus
950 1153 1024 1214 tunc
1044 1153 1102 1214 Det
1121 1156 1231 1235 gratiam
1248 1169 1282 1210 ιι

158 1174 284 1372 lete
302 1229 653 1388 temtatur
672 1242 811 1369 Petet
831 1228 1260 1388 attemerare

157 1385 244 1447 rendi
263 1403 349 1444 causa
366 1384 492 1459 venisse,
510 1384 577 1463 quia
598 1403 658 1444 nou
678 1384 775 1445 minus
796 1348 903 1444 fitted
924 1384 979 1443 Dei
999 1382 1029 1442 in
1050 1383 1140 1443 corde
1156 1403 1205 1442 sus
1237 1399 1282 1442 ιιι

128 1463 247 1522 'fidem
288 1481 354 1520 uam
374 1463 404 1520 in
424 1472 510 1522 utero
530 1471 707 1539 conceptum
727 1459 856 1522 furebat.
891 1461 998 1539 Neque
1017 1461 1104 1520 etiam
1135 1401 1259 1518 uibmdan

156 1481 327 1628 subscribo,
351 1538 403 1615 qui
426 1536 591 1620 gratulandi
611 1557 696 1598 cama
718 1540 832 1598 venisse
856 1547 977 1618 putant:
1050 1535 1180 1628 ''abs'us
1200 1533 1259 1624 cuin

157 1612 229 1674 milri
250 1615 379 1689 ridetur,
399 1615 505 1695 partim
524 1613 676 1692 augendae
695 1614 972 1692 confirmandaeque
1010 1613 1058 1672 dea
1077 1633 1160 1686 suae,
1176 1623 1260 1692 paura
1279 1643 1282 1674 ι

157 1690 346 1751 illustrandae
364 1689 444 1751 ultro
465 1689 601 1772 citroque
619 1689 730 1771 gratiae
750 1689 808 1749 Dei
827 1690 956 1750 habitam
975 1689 1012 1750 ab
1032 1709 1068 1749 ea
1088 1689 1174 1750 feisse
1190 1688 1260 1774 ratio:
1280 1717 1282 1750 t

157 1787 235 1828 aem.
273 1769 338 1827 Nee
356 1787 428 1828 vero
449 1777 494 1826 ert
513 1787 566 1826 cor
585 1765 741 1826 absurdum
761 1765 908 1840 ducamus,
928 1767 1089 1845 quaesitsm
1107 1765 1142 1825 ab
1161 1783 1193 1824 ss
1208 1761 1260 1820 tto
1280 1793 1282 1828 t

159 1843 412 1903 corrfirnratiouem
437 1843 526 1902 luisse
551 1863 585 1901 ex
608 1842 740 1902 miraculi
757 1852 937 1922 ,conspectm
966 1841 1046 1921 quod
1067 1843 1114 1905 aa
1153 1840 1193 1902 lus
1213 1856 1282 1902 aaut

156 1921 265 1982 frutra
282 1918 327 1978 illi
347 1920 377 1978 in
397 1918 526 1977 medium
545 1937 601 1999 pro
623 1931 748 1978 osuerat.
787 1919 862 1977 Nasu
882 1918 937 1978 etsi
955 1917 1036 1978 uude
1055 1940 1076 1978 r
1104 1965 1105 1968 ,
1130 1911 1259 1978 oDemiui

156 1997 291 2058 contenti
309 2007 380 2056 suut
396 1993 514 2067 fideles,
543 1995 604 2054 nitri
644 2007 742 2054 tamea
762 1995 875 2054 interca
894 2013 1017 2074 operam
1038 1994 1100 2054 eius
1121 1992 1260 2088 negligunt,
1281 2027 1282 2052 ;

197 2073 237 2133 od
256 2072 389 2133 sentiunt
407 2071 443 2130 ad
462 2070 531 2131 lidei
550 2091 620 2132 suae
638 2071 844 2132 adminiculum
862 2070 970 2132 ralere.
1017 2071 1190 2132 eamcam
1206 2083 1260 2127 reto
1281 2099 1282 2134 t

190 2150 249 2208 aria
282 2147 413 2208 oblatum
442 2147 500 2208 silai
530 2148 734 2208 adminiculum
755 2147 891 2228 amplecti
916 2145 1033 2222 debuit,
1068 2147 1123 2208 uisi
1145 2157 1282 2225 respueret

157 2225 246 2285 vellet
264 2225 344 2304 quod
356 2223 501 2285 Dominus
520 2224 600 2285 ultro
620 2223 664 2284 illi
682 2223 811 2284 dederat.
834 2223 954 2283 Deinde
972 2235 1091 2283 mutuus
1109 2229 1259 2302 conspetw
1281 2273 1282 2284 ,

154 2314 214 2362 tarn
234 2301 323 2382 ipsam
337 2321 424 2380 quam
439 2300 592 2361 Elisabeth
610 2301 772 2361 accendere
792 2302 891 2382 potuit
909 2300 945 2360 ad
965 2299 1107 2362 maiorem
1127 2293 1258 2386 gratitudi-
1281 2329 1282 2362 t

153 2397 237 2449 uem,
261 2378 347 2437 sicuti
372 2397 407 2436 ex
426 2389 565 2438 contestu
584 2387 674 2458 patet.
711 2377 781 2436 Fuit
799 2379 877 2436 enim
897 2377 991 2456 magis
1009 2378 1167 2458 conspicua
1184 2384 1211 2433 et
1225 2389 1259 2430 ιι·
1280 2405 1282 2438 ι

152 2455 245 2538 signis
264 2453 322 2512 Dei
341 2453 434 2514 virtus
459 2454 489 2514 in
513 2475 576 2514 uuo
601 2451 725 2533 duplicia
745 2454 858 2534 gratiae
876 2453 1002 2527 intuitu,
1031 2453 1100 2531 quia
1120 2453 1178 2546 ipsa
1195 2467 1259 2510 eon·
1281 2479 1282 2514 ι

151 2531 266 2612 paratio
291 2549 353 2590 uou
372 2549 476 2622 parum
495 2530 567 2592 lucis
586 2530 722 2590 addebat.
767 2531 924 2591 Caeterum
945 2547 1006 2588 non
1026 2530 1160 2609 exprimit
1177 2527 1259 2592 tues,

153 2625 297 2688 quaenam
317 2607 407 2664 suerit
424 2605 495 2666 urbs
515 2607 546 2664 in
567 2627 624 2684 qua
644 2605 797 2666 Zacharias
817 2603 977 2679 habitabat,
995 2605 1045 2663 sed
1066 2618 1177 2666 tantum
1195 2617 1258 2660 con·
1281 2633 1282 2668 ι

152 2692 297 2818 lilii}
308 2681 763 2840 t‘tttltttgttltltl:
783 2678 1259 2839 lillllff‘ffllliidldalb‘
1281 2701 1282 2742 ¹

293 2800 301 2816 ·
605 2799 616 2830 s

151 2853 237 2914 quarn
259 2832 504 2912 Hierosolymam.
1281 2873 1282 2890 ι

151 2907 510 3076 dlum⁴ldorblallddlblbs
530 2987 561 3046 iu
579 2997 666 3047 utero
682 2909 1259 3078 grarlildlatdrrbldlieddlaulddblrbdsudissrld
1281 2959 1282 2964 ἵ

150 3061 412 3122 extraordinarium
438 3075 542 3122 notare
564 3063 669 3124 voluit.
720 3063 897 3144 Quanquam
927 3064 999 3124 oilril
1024 3064 1062 3124 ad
1088 3083 1149 3124 rem
1174 3063 1259 3122 attruet

150 3138 260 3220 argutis
274 3138 495 3218 quaestionibus
516 3158 571 3199 nos
590 3139 738 3212 intricare,
756 3161 792 3200 au
812 3141 938 3202 senserit
956 3140 1051 3201 iulans
1064 3139 1173 3201 Christi
1235 3149 1259 3191 t·

149 3218 289 3289 sentiam,
320 3237 357 3275 an
382 3235 483 3277 sensus
502 3215 550 3276 tte
570 3215 660 3275 luerit
677 3216 810 3297 pietatis:
841 3217 939 3297 potius
959 3216 1018 3278 boc
1036 3237 1159 3277 ιιιιιιιιι
1208 3211 1260 3278 ebir

149 3311 258 3353 arcano
279 3292 405 3371 Spiritus
430 3305 512 3352 motu
535 3291 679 3353 infantem
703 3293 820 3352 saliisse.
871 3294 936 3354 Nec
960 3313 1028 3354 saue
1050 3293 1202 3386 proprium
1226 3283 1260 3344 ill*

149 3387 266 3429 sensum
285 3367 392 3428 tribuit
410 3369 518 3444 Lucas,
543 3368 595 3428 sed
614 3369 705 3451 magis
724 3369 885 3450 significat,
906 3369 981 3430 hanc
999 3369 1165 3430 dirruaeiu
1183 3375 1260 3426 raatn

149 3443 752 3602 tittttttttttltttttt‘tstttl
772 3444 1081 3603 {tltttlttllt
1099 3440 1260 3603 ζῖζῗιὲἕὲἰ

743 3563 753 3594 5

150 3609 268 3676 praeter
292 3608 467 3656 consuetum
491 3615 604 3656 morem
630 3609 753 3678 repente
782 3599 918 3659 donatam
945 3617 1018 3660 esse.
1066 3599 1171 3678 Neque
1193 3591 1259 3654 enlm

37 3673 40 3684 '
148 3675 228 3754 prius
248 3673 374 3753 Spiritus
394 3672 481 3733 douie
498 3692 591 3733 vacua
610 3685 688 3749 erat,
706 3673 758 3735 sed
777 3686 849 3735 tuuc
869 3674 959 3758 longe
978 3674 1101 3736 uberior
1118 3675 1160 3736 ris
1179 3682 1208 3732 et
1223 3667 1259 3726 ln·

147 3749 234 3811 sulita
253 3749 396 3829 apparuit.

221 3832 270 3890 42.
306 3823 468 3886 Benedicta
491 3837 531 3884 tra
574 3823 702 3886 Videtur
725 3825 755 3886 io
781 3827 843 3906 pari
903 3826 958 3888 adu
984 3826 1107 3888 Mariam
1132 3837 1162 3886 ct
1185 3817 1259 3884 Ciri-

147 3913 224 3966 stum
243 3899 353 3974 locare,
376 3903 456 3982 quod
476 3901 596 3962 minime
615 3914 846 3964 consentaneum
879 3916 954 3963 oret
994 3903 1054 3964 Sed
1067 3923 1125 3988 ego
1146 3897 1259 3982 libenter

148 3998 251 4038 corum
271 3981 446 4040 sententiam
466 3979 607 4052 admitto,
631 3979 732 4060 quiin
752 3979 883 4042 secundo
903 3979 1038 4040 membro
1058 3999 1171 4040 carmus
1190 3969 1259 4035 retu

169 4065 261 4114 utant.
293 4055 438 4116 Usitaturu
459 4057 538 4115 enim
558 4067 618 4130 est,
638 4054 775 4137 copulam
794 4058 869 4116 sumi
887 4056 952 4116 vice
970 4053 1129 4136 particulae
1147 4047 1260 4136 σιιιιιΙίξιΙ

146 4073 337 4196 benedictam
357 4153 430 4216 ergo
456 4143 612 4226 cognatam
636 4153 717 4192 suam
743 4132 892 4211 praedicat
911 4131 1062 4194 Elisabeth
1078 4141 1202 4224 propter
1219 4123 1260 4213 fib·

147 4207 396 4270 benedictionem.
435 4209 499 4270 Etu
517 4217 615 4270 autem
635 4208 728 4289 prima
748 4226 809 4268 nou
830 4208 886 4268 luit
905 4209 1016 4271 Mariae
1037 4207 1167 4283 felicitas,
1186 4201 1260 4264 Chn-

146 4296 222 4343 atum
243 4283 273 4344 in
285 4296 372 4346 utero
389 4297 516 4369 gestare,
537 4285 596 4344 imo
610 4283 715 4342 ordine
732 4285 884 4380 posterior
904 4299 949 4346 est
968 4285 1021 4346 ista
1033 4284 1168 4369 dignitas,
1186 4295 1259 4361 quam

148 4360 261 4441 Spiritu
272 4361 383 4424 Christi
404 4361 516 4424 renasci
537 4363 569 4422 iu
589 4377 693 4421 ueram
710 4369 817 4434 rrum,
836 4361 944 4424 merito
962 4371 1201 4424 umerorum
1218 4355 1261 4414 bt·
