2500 4852
168 249 245 327 (171.
282 246 452 310 roenna
468 247 580 332 asopo
600 248 682 332 par.
721 248 809 312 aaa
830 247 977 327 macc.)
1087 251 1145 316 rsa

31 403 68 468 li.
85 402 121 470 m
140 397 218 468 dislt
238 401 298 483 eis,
319 401 483 491 S'crlptma
507 411 569 482 est,
591 405 719 472 Domus
741 423 827 484 mea,
849 399 965 470 domos
987 399 1141 492 demaen-

28 506 103 571 tionis
125 501 301 570 vocabitorr
335 514 366 571 at
392 524 453 572 ros
481 505 601 572 lecistis
635 501 722 572 illam
752 505 938 594 speluncam
968 505 1139 574 latronum.

29 609 65 674 tt.
86 609 123 676 Et
141 617 342 676 emerserant
363 607 406 676 ad
430 627 502 675 eum
524 609 617 676 coeci
639 617 671 690 et
692 605 802 674 claodi
825 609 1011 698 intemplo,
1034 619 1067 678 et
1087 631 1138 676 sa·

26 712 93 776 ravit
119 731 186 776 eoas
237 711 288 778 lb.
326 711 438 799 Quum
471 708 630 778 violassent
661 711 824 797 principes
856 711 1067 779 sacerdotum
1103 723 1136 780 st

25 809 130 880 Scribas
148 811 318 893 mirabilia,
341 833 425 901 qnao
446 813 579 894 fecerat,
607 823 638 879 et
659 833 782 899 pueros
803 814 975 882 clamantes
998 817 1032 881 in
1055 823 1134 882 tenr-

24 913 71 1002 pla
88 925 117 980 et
135 913 284 996 dicentes,
305 917 460 982 Horonon
481 915 555 984 lilio
576 917 701 984 David!
723 915 880 1004 indignati
896 927 979 1000 sont,
1018 918 1069 984 16.
1090 919 1134 986 Et

24 1017 141 1084 direrom
159 1019 208 1093 el‚'
231 1018 352 1098 Audis,
380 1018 460 1107 qnid
486 1021 539 1084 isti
565 1016 693 1084 dicunt?
734 1017 826 1085 lesos
847 1030 953 1087 autern
976 1019 1054 1088 dicit
1075 1023 1133 1088 eis,

25 1119 106 1188 Certe:
130 1139 290 1207 nunqnam
312 1131 418 1187 antem
440 1119 576 1206 legistin,
602 1121 651 1188 Ex
678 1140 736 1187 ore
760 1120 929 1188 intantinm
957 1131 989 1190 et
1009 1121 1131 1190 lacten-

24 1223 77 1288 tinr
95 1221 248 1310 perfecisti
270 1221 419 1289 landem?
463 1225 515 1290 11.
541 1222 584 1292 Et
609 1221 732 1290 relictis
756 1223 821 1296 illis
851 1227 928 1299 exiit
953 1245 973 1292 e
1001 1227 1130 1294 civitate

22 1325 245 1405 iabetbsniarn,
275 1336 308 1392 et
332 1325 514 1392 diversatus
541 1334 590 1392 cst
616 1327 695 1392 illic.
739 1327 791 1392 18.
818 1325 918 1396 Mane
945 1338 1059 1396 aotam
1078 1351 1130 1394 re-

1 1435 117 1492 ‘rerteoa
136 1428 167 1494 io
189 1429 359 1507 civitatem,
381 1429 502 1494 esuriit.
547 1427 779 1519 tamquam
800 1427 934 1496 vidimet
955 1428 1010 1496 lici
1032 1429 1129 1497 arbo·

22 1549 66 1593 ren
84 1549 170 1595 onam
191 1531 226 1597 ia
248 1533 317 1609 via,
342 1533 434 1600 venit
454 1529 495 1596 ad
519 1551 604 1612 eam,
631 1538 663 1596 et
684 1527 764 1596 nibil
785 1532 907 1600 invenit
927 1536 963 1600 in
985 1554 1037 1614 ea,
1063 1536 1128 1602 nial

22 1629 76 1698 lolia
92 1641 216 1699 tantum.
266 1633 311 1700 Et
331 1633 377 1699 sit
396 1629 460 1712 illi,
485 1631 539 1698 Ne
559 1631 696 1720 posthac
717 1648 757 1700 ex
777 1641 811 1702 te
832 1645 982 1704 misatur
1002 1635 1127 1702 tructus

21 1735 222 1802 bretonum
253 1746 286 1802 et
314 1734 453 1803 arelecta
479 1745 530 1802 cst
555 1735 714 1802 continno
739 1733 831 1802 ticos.
880 1734 934 1804 111.
949 1739 1003 1805 .1=:r
1026 1757 1127 1825 qoam

20 1833 140 1904 odunt
159 1836 328 1928 discipuli,
354 1838 459 1906 mirati
485 1848 562 1904 sont
583 1835 741 1918 memes,
767 1835 945 1925 Quomodo
967 1841 1125 1908 condono
1176 1864 1180 1872 ’

20 1941 110 2004 eremit
132 1938 234 2008 timrei
285 1942 339 2009 21.
366 1938 583 2029 Respondeas
610 1949 716 2009 autem
744 1941 837 2008 lesus
861 1942 907 2007 alt
933 1943 994 2024 eis,
1021 1939 1126 2010 Arnen

19 2037 70 2106 lien
87 2039 183 2122 vobis,
204 2041 435 2110 si-baboeritis
454 2039 562 2122 fidem,
583 2050 616 2108 et
635 2064 704 2112 oon
725 2041 966 2124 haesitaveritis,
985 2066 1054 2113 non
1069 2065 1125 2112 so-

18 2141 63 2210 lon
79 2142 142 2223 boe,
161 2142 255 2231 qnod
273 2149 310 2212 in
330 2146 398 2214 fico
418 2144 544 2225 accidit.
565 2144 698 2225 nasas,
719 2166 833 2210 verum
857 2147 953 2212 etiam
974 2150 1004 2212 si
1024 2149 1126 2215 monti

19 2243 69 2312 trie
83 2243 236 2328 dberltis,
262 2247 410 2329 Tollere,
439 2257 473 2314 ct
493 2248 623 2336 proiice
649 2257 682 2314 te
707 2249 742 2314 in
766 2265 869 2326 mara,
896 2245 963 2314 fiet.
1003 2249 1059 2317 22.
1082 2251 1126 2318 Et

19 2350 104 2430 onan
122 2371 335 2442 quaeeunque
354 2351 510 2443 petieritis
531 2352 568 2418 io
588 2347 819 2440 deprecatione
840 2347 1019 2434 medentes,
1039 2353 1125 2420 soni-

75 2711 209 2784 nnnc.
230 2713 286 2778 Xl.
329 2711 382 2778 11.
403 2710 446 2779 Et
466 2711 630 2800 ingressus
653 2717 702 2776 est
722 2708 983 2798 Hierosolymam
1003 2707 1122 2806 Domi·

16 2829 58 2876 nos
74 2821 101 2880 et
117 2817 151 2881 io
170 2811 342 2902 templum:
373 2823 406 2880 et
426 2835 525 2901 quum
547 2813 822 2898 circumspexisset
843 2816 966 2895 omnis,
993 2814 1122 2900 iamque

17 2921 110 3000 tenpus
129 2927 212 2985 essu
233 2918 468 3004 vespertinum,
495 2933 645 3003 egressos
667 2924 716 2982 est
734 2915 923 2983 Bethanism
945 2935 1018 2982 com
1039 2913 1123 2981 dno·

16 3009 99 3083 decim.
138 3020 190 3086 la
215 3021 261 3088 Et
280 3030 415 3108 postero
438 3017 492 3086 dic
514 3038 613 3108 quum
634 3019 786 3084 exiissent
805 3017 975 3100 Bethania,
1001 3017 1122 3084 murill-

16 3113 51 3182 ll
69 3119 233 3211 Quumque
249 3121 383 3190 vidisset
403 3117 553 3190 arborem
573 3117 628 3186 fici
649 3117 765 3210 procul
781 3117 951 3188 habentem
972 3115 1050 3186 lolia
1065 3129 1123 3184 ve-

16 3219 58 3297 rit,
78 3225 102 3288 si
121 3225 204 3294 torte
224 3227 416 3300 inventuros
437 3234 522 3290 esset
542 3222 665 3310 aliquid
686 3225 721 3289 in
743 3243 791 3294 ea.
833 3220 876 3288 Et
896 3240 997 3310 quum
1017 3219 1123 3286 venis·

15 3323 199 3410 araneam,
227 3325 309 3395 nibil
337 3327 460 3393 invenit
486 3327 548 3392 nisi
573 3325 666 3392 iolla:
695 3345 764 3390 non
791 3327 875 3391 enim
903 3331 970 3389 crat
995 3330 1122 3410 tempus

15 3417 130 3496 lentum.
172 3429 226 3496 14.
247 3427 290 3496 Et
309 3428 513 3516 respondens
535 3429 625 3496 lesus
646 3427 726 3496 dixit
744 3425 835 3510 ficui,
855 3425 908 3494 Ne
930 3423 1066 3514 posthac
1084 3443 1123 3488 ex

15 3527 256 3599 tetrastemoria
278 3533 448 3620 qnisquam
469 3532 606 3598 lrnctnm
628 3530 710 3598 edat.
734 3531 797 3598 'Et
823 3525 1000 3596 audiebant
1025 3525 1125 3594 disci·

16 3625 62 3708 ΝΗ
85 3629 182 3715 illius,
234 3631 286 3702 15.
320 3635 530 3724 Veniuntqne
562 3633 835 3722 Hierosolymam.
880 3629 923 3698 Et
957 3631 1123 3730 ingressos

16 3725 81 3800 lnos
103 3737 136 3804 in
159 3737 312 3827 templum
333 3739 441 3826 coepit
461 3739 591 3818 eiicere,
620 3755 680 3805 eos
701 3736 759 3825 qui
779 3731 964 3802 vendebant
985 3741 1017 3798 et
1038 3751 1124 3798 ema

15 3825 71 3898 lent
86 3839 118 3904 in
135 3839 276 3929 templo,
302 3847 335 3906 et
360 3857 488 3906 mensas
509 3839 778 3927 argentariorum,
809 3846 842 3905 et
863 3835 960 3904 sellas
980 3832 1124 3902 venden-

15 3933 72 4002 tium
90 3939 252 4010 columbas
274 3937 441 4012 subvertit.
485 3941 537 4008 16.
559 3941 602 4008 Et
622 3963 690 4010 nnn
714 3940 874 4030 permisit,
896 3947 933 4006 nt
954 3939 1123 4026 qmsquarn

15 4031 171 4124 tl‘antistaret
197 4067 254 4114 ras
278 4067 338 4135 per
365 4042 527 4132 ternplum.
576 4043 629 4114 17.
654 4043 698 4112 Et
723 4041 878 4118 docebat,
907 4039 1020 4106 dicens
1046 4035 1122 4116 illis,

14 4133 110 4210 Nonne
128 4149 280 4239 scriptum
302 4157 362 4226 est,
383 4146 510 4214 Domus
531 4165 616 4227 mea,
638 4146 755 4214 domos
775 4143 969 4236 precationis
989 4137 1126 4207 vocabi·

15 4247 55 4306 tor
75 4247 220 4318 omnibns
245 4249 413 4341 gentibust
461 4249 534 4318 Vos
560 4257 666 4318 autem
693 4249 814 4318 lecistis
840 4265 910 4314 eam
936 4241 1124 4333 speluncam

17 4339 164 4422 bosam
211 4356 264 4424 18.
288 4355 334 4426 Et
354 4351 531 4424 sodimunt
556 4351 691 4424 &bae
716 4373 755 4420 ac
778 4349 942 4443 principes
967 4341 1128 4418 Sacerdo-
