2574 4848
122 255 181 322 iil
381 247 505 316 'secu
524 247 606 313 xvi.
643 263 720 314 rrsu
738 263 774 312 m
793 245 992 312 mammon.

122 404 281 489 expositum
302 403 359 465 inil
382 423 399 464 a
420 401 515 465 multis
538 401 750 486 inlerpren'bus.
794 399 977 464 Generaliter
995 397 1074 460 enin
1091 407 1122 460 el
1137 395 1266 460 enffl

121 495 268 568 puerunt,
292 479 461 542 coelibatum
479 479 603 576 praecipi
621 479 731 560 quoties
750 479 903 542 divortium
921 477 1028 538 baum
1047 475 1152 536 luerit:
1182 475 1225 536 ila
1244 475 1267 536 ι’

122 560 238 621 maritus
261 557 415 618 adulteram
435 556 579 630 reiteret,
608 555 720 635 utrique
738 555 842 616 iniecta
866 568 909 616 est
927 552 1080 616 coelibatus
1098 553 1267 612 neeesritar.

123 635 214 712 Quasi
241 655 312 696 vero
341 631 377 693 sit
402 629 473 694 baec
500 631 611 714 repudii
640 626 769 706 libertas,
805 641 914 690 numm
938 629 974 690 ab
998 648 1089 690 uxore
1113 627 1267 689 nondam:

123 711 202 795 quasi
226 711 309 770 etiam
334 709 462 771 Christus
484 729 544 768 non
570 707 645 768 clare
668 709 698 768 iu
720 707 772 767 bac
797 725 877 768 causa
900 705 963 767 ieri
1008 705 1154 777 amittat,

121 787 283 874 promiscue
305 784 358 846 sibi
383 784 479 846 iudaei
502 803 557 864 pro
582 803 634 844 ruo
658 783 778 844 arbitrio
802 805 855 844 usu
907 803 938 844 re
1006 781 1038 841 iti
1061 791 1160 840 erant.
1229 780 1268 838 ru't

125 885 196 960 ergo
220 863 267 925 ille
290 862 373 922 nimis
396 879 503 921 crassus
526 881 620 920 error:
648 881 714 919 nam
735 879 822 939 quarm
840 880 858 919 a
905 858 971 919 terii
988 858 1105 917 danmu
1126 855 1269 930 Christum

162 967 171 1002 ι
198 939 370 1022 repudiatam
393 955 512 997 uxorem
536 935 661 1009 duxerit,
687 935 822 1018 restringi
847 935 904 996 boc
926 935 962 996 ad
984 932 1082 994 illicita
1108 943 1144 993 et
1168 931 1270 992 frivola

144 1018 244 1079 irortia
269 1025 378 1075 eertum
400 1023 452 1074 est.
495 1011 566 1071 ldeo
585 1011 687 1073 Paulus
710 1031 826 1072 manere
849 1011 982 1091 innuptas
1005 1009 1102 1082 iubet,
1130 1029 1211 1089 qnae
1234 1007 1269 1069 sic

122 1093 250 1154 dimissae
268 1089 389 1164 inerint,
411 1099 461 1148 aut
478 1087 546 1150 riris
565 1087 621 1149 suis
641 1086 832 1162 reconciliari,
893 1088 918 1147 ia
936 1085 1047 1147 scibcet
1065 1083 1142 1144 rixis
1165 1097 1199 1144 et
1217 1085 1271 1144 dis-

123 1171 198 1231 sidiis
221 1188 283 1228 non
305 1165 436 1226 aboletur
458 1163 621 1246 coniugium
646 1163 689 1241 (1.
710 1163 781 1225 Cor.
800 1168 834 1238 7,
879 1163 933 1240 1.).
977 1162 1010 1222 ld
1051 1181 1068 1220 e
1091 1159 1219 1220 elidtur
1239 1181 1269 1220 er

123 1249 232 1317 Marco,
253 1243 302 1302 ubi
320 1240 488 1303 nominatim
507 1261 541 1300 ex
561 1239 673 1300 rimitur
690 1261 764 1300 uxor
781 1259 853 1319 quae
868 1237 998 1299 amarito
1032 1238 1040 1251 ⁸
1073 1237 1199 1311 emerit,
1214 1257 1269 1296 noa

122 1321 199 1402 quod
218 1319 338 1379 liberum
358 1317 443 1377 inerit
461 1261 595 1377 uxoribus
614 1316 681 1376 dare
698 1315 804 1376 maritis
822 1314 932 1396 repudii
951 1312 1094 1386 fibellum,
1123 1313 1188 1373 nin'

122 1410 206 1460 tenus
224 1397 254 1456 in
274 1404 387 1454 exteros
405 1411 500 1452 mores
518 1391 640 1473 prolapsi
660 1403 741 1452 eraut
759 1391 867 1452 ludaei:
887 1391 937 1452 sed
955 1400 1058 1450 notare
1076 1387 1186 1450 voluit
1256 1425 1270 1436 -

123 1495 188 1548 cus,
207 1469 411 1553 corruptelam,
431 1488 502 1560 apua
521 1479 589 1528 tunc
608 1467 708 1549 passim
726 1466 792 1528 tn'ta
811 1477 880 1542 erat,
898 1464 1068 1548 reprebendi
1086 1483 1107 1524 a
1132 1467 1270 1536 Dourion,

122 1549 201 1631 quod
222 1561 292 1642 port
313 1545 471 1608 voluntaria
496 1543 617 1603 divortia
640 1543 776 1624 utrinque
793 1544 828 1604 ad
847 1563 954 1605 norum
972 1539 1152 1624 coniugiu-
1172 1542 1270 1602 nami

121 1627 202 1688 baut:
220 1626 286 1688 adeo
305 1621 437 1684 aduloerii
454 1618 531 1682 nulla
546 1617 579 1680 fit
596 1620 670 1702 apud
689 1639 755 1682 eum
772 1620 891 1682 mencio.

204 1951 303 2036 (157.)
343 1949 514 2020 ΜΑΤΤΗ.
541 1949 627 2016 XIX.
669 1949 722 2017 10.
756 1949 880 2016 Dicunt
906 1949 937 2016 ei
965 1947 1141 2040 discipuli,
1172 1955 1213 2022 Si
1233 1957 1269 2022 ita

120 2051 219 2122 babet
243 2077 341 2122 causa
368 2055 507 2122 hominis
536 2073 608 2119 oum
635 2074 751 2133 uxore,
775 2073 849 2124 ,non
869 2051 997 2140 expedit
1016 2059 1267 2125 matrimonium

122 2159 318 2224 contrahere.
360 2159 412 2223 ll.
435 2157 503 2244 Qui
522 2155 600 2222 dixit
618 2154 692 2233 illis,
713 2155 791 2221 Non
813 2175 926 2222 omues
948 2177 1081 2244 capaces
1106 2171 1197 2227 sunt
1216 2163 1268 2226 bu

121 2261 172 2326 ius
195 2259 280 2340 dicti,
302 2259 361 2326 sed
382 2257 501 2348 quibus
523 2257 631 2324 datum
654 2267 711 2324 est.
754 2257 806 2323 12.
828 2257 910 2324 Sunt
927 2260 1012 2324 cuim
1029 2263 1194 2344 eunuchi,
1218 2269 1267 2352 qui

120 2363 162 2430 do
184 2365 293 2430 matris
315 2371 408 2430 utero
429 2363 477 2426 sio
498 2364 564 2427 uati
585 2370 675 2426 suut:
697 2368 729 2426 el
749 2370 824 2425 suut
846 2361 995 2442 eunuchi,
1015 2365 1074 2449 qui
1089 2363 1179 2430 iacti
1199 2377 1267 2434 sunl

121 2465 260 2531 eunuchi
280 2463 323 2530 ab
344 2461 541 2529 homiuibus:
570 2473 602 2528 et
622 2471 697 2528 sunt
717 2461 870 2542 eunuchi,
891 2465 947 2550 qui
969 2485 1004 2529 se
1025 2466 1120 2551 ipsos
1144 2479 1267 2533 mne

119 2577 235 2636 vesunt
256 2577 389 2656 propter
408 2587 544 2654 reguum
565 2563 741 2634 coelorum.
774 2565 843 2652 Qui
867 2575 974 2653 potest
995 2588 1124 2655 capere,
1147 2573 1265 2660 capiat

194 2825 319 2890 Perinde
343 2827 401 2890 acsi
423 2826 521 2909 iniqua
544 2827 671 2890 virorum
695 2825 823 2887 conditio
846 2825 941 2887 futura
960 2826 1017 2902 sit,
1040 2827 1065 2889 si
1088 2827 1132 2891 ita
1155 2829 1265 2913 alliga

119 2903 176 2968 sint
190 2905 347 2979 uxoribus,
375 2915 422 2980 ut,
504 2927 533 2964 ιιι
556 2904 604 2964 diu
628 2903 746 2985 pudicae
763 2903 884 2976 luerint,
904 2915 1045 2986 cogantur
1062 2905 1179 2986 reliqua
1202 2929 1265 2990 per-

119 2980 197 3118 fpsrre
209 2981 419 3118 1poliusupuam
442 2925 554 3044 alinillis
578 2979 734 3054 discedant,
759 2977 815 3040 boc
836 2978 942 3040 Christi
961 2999 1101 3061 ιωροιιιο
1122 2985 1265 3044 commoti

162 3079 187 3118 ci

118 3080 258 3214 laquium.
296 3133 355 3194 Sed
380 3153 432 3193 cur
452 3151 513 3192 nou
536 3131 657 3194 vicissim
681 3131 858 3210 expendunt,
888 3151 972 3210 quam
991 3133 1061 3192 dura
1078 3133 1118 3192 sit
1136 3155 1263 3196 norrun

118 3211 251 3287 serviem,
278 3209 333 3272 nisi
344 3209 421 3302 quia
443 3207 498 3268 ribi
514 3219 548 3300 ιι
566 3205 688 3288 propriis
707 3206 863 3297 eommodis
882 3207 1009 3268 addictos
1027 3207 1150 3288 impellit
1170 3213 1263 3272 meis

117 3281 1105 3451 ιιιιιιιιιιιιιιιιιιιι
1118 3303 1261 3424 ιι

116 3437 213 3496 taedio
231 3457 275 3497 sm
316 3437 372 3496 lare
390 3437 448 3498 Der
464 3436 572 3495 douram
589 3445 736 3514 respuunt.
763 3435 860 3495 &aas
879 3447 923 3496 est
936 3437 1090 3496 secundunn
1106 3457 1170 3510 eos,
1189 3459 1262 3500 cou-

116 3510 226 3602 iugium
245 3533 261 3572 e
286 3533 374 3594 ugera
392 3531 474 3592 quam
493 3533 524 3572 se
541 3510 699 3590 astringere
716 3521 871 3592 perpetuae
889 3511 1031 3572 efficiatis
1047 3511 1180 3574 viuculo
1208 3519 1262 3576 Αι-

79 3636 87 3649 .
116 3607 168 3667 ‹pu
192 3607 216 3646 ιι
239 3587 403 3668 coniugium
425 3585 548 3648 instituit
566 3587 645 3646 Deus
664 3586 695 3645 iu
714 3605 895 3646 communem
915 3587 1029 3648 bomani
1086 3589 1167 3650 neris
1188 3591 1261 3652 salu

116 3671 192 3736 tem,
220 3660 288 3723 licet
313 3663 454 3752 quaedam·
474 3663 567 3723 miuus
590 3673 671 3744 grata
693 3681 790 3722 secum
814 3663 923 3737 trabat,
949 3684 1012 3723 nou
1033 3663 1100 3725 ico
1183 3667 1260 3726 tirus

117 3737 306 3818 spernendum
326 3749 378 3800 est.
415 3739 563 3800 [locamus
585 3759 664 3821 ergo,
684 3737 707 3798 si
726 3737 792 3830 quiid
811 3737 910 3828 iullei
927 3738 1072 3800 benefieiis
1090 3685 1184 3802 ιιοῖιῐίἲ
1200 3763 1259 3802 non

238 3056 248 3115 i
271 3057 430 3136 excipiunt,
457 3055 558 3118 melius
583 3075 645 3116 esse
664 3075 761 3115 carere
779 3055 914 3116 uxoribus
933 3076 1016 3134 qoam
1034 3053 1157 3119 iuduere
1180 3061 1265 3121 talu

116 3813 235 3887 arridet,
250 3833 320 3902 'nou
345 3825 402 3874 tam
420 3813 487 3875 lauti
507 3835 568 3875 esse
586 3835 620 3874 ac
638 3832 760 3888 morosi,
784 3833 853 3894 quur
872 3827 1039 3876 reverenter
1057 3815 1111 3878 illis
1131 3829 1259 3880 uta-m

115 3889 711 4026 efficacissimum
730 3890 861 4026 ῗέῒῖῖ
873 3891 1004 4028 “ils
1016 3891 1167 4029 csta
1189 3916 1257 4032 3

116 3985 283 4132 ii'iptiiiia
305 4061 437 4123 gravare,
463 4052 496 4132 ut
516 3987 643 4133 inminse
661 4041 697 4102 ab
713 4007 768 4132 ’eo-
849 3987 963 4138 preerat·
1000 4044 1257 4136 Elnllieronyrnm

115 4137 199 4284 iiii
215 4115 409 4254 illidit
417 4115 867 4278 {inimi-'itm
877 4195 885 4210 ·
905 4217 954 4255 a,
976 4123 1255 4258 ffatim

115 4269 260 4346 ordmeri,
284 4269 335 4332 aed
353 4290 535 4359 quascunque
553 4281 650 4350 potest
667 4291 701 4330 ex
719 4269 846 4351 profanis
869 4272 1033 4333 ardoribus
1050 4273 1187 4344 Ᾰοδορίιι
1206 4293 1255 4332 ar·

115 4343 253 4424 cumulat,
275 4365 348 4428 quae
365 4365 426 4410 osus
442 4345 622 4411 bouestm
638 4345 812 4412 deforment·
851 4346 945 4414 Noto
962 4361 1057 4414 auten
1074 4349 1107 4412 in
1125 4363 1251 4412 masc·
