2536 4848
387 224 519 290 omno
539 239 576 292 m
594 235 721 290 nonan.
1059 229 1118 297 ιω

28 370 265 462 tertnortrjlriatnr,
282 371 383 432 Deum
401 371 490 434 nobir
509 387 633 454 regnum
647 367 772 442 dedisce,
788 383 811 428 n
852 383 888 428 ne
907 363 962 430 alia
976 365 1014 430 de
1033 385 1118 435 cam

27 468 197 527 nmqnomaaa
215 449 253 510 ita
272 448 315 510 illi
335 447 456 527 placuit,
474 447 544 508 bine
564 447 628 527 plur
643 466 729 526 quam
748 444 828 508 mani
842 454 936 506 ertum
955 454 1011 521 eet,
1031 443 1117 506 nnllie

26 543 120 602 operum
141 526 244 586 meritis
260 525 391 616 acquiri.
409 562 414 569 ·
432 521 566 585 Proinde
586 523 701 604 quoties
725 521 758 582 in
781 539 864 658 εἴη
884 530 1023 580 aeternae
1038 520 1117 588 vitae

26 599 204 738 mimum
225 613 328 685 errgrt,
358 601 577 664 meminerimus
608 619 671 662 non
696 616 760 662 erre
808 617 824 658 e
844 595 1018 676 quotidiano
1037 596 1116 662 viem

51 921 115 1004 (tl.)
150 923 316 990 Mt'r'rtr.
336 923 409 988 Vll.
455 924 485 988 1.
509 921 623 990 Nolite
649 921 810 997 indicare,
841 935 885 984 ne
918 914 1115 984 indicemini.
1145 955 1152 965 =

24 1021 120 1110 lQuo
140 1029 220 1092 enim
240 1025 363 1092 iudicio
383 1021 547 1107 iudicatis,
585 1043 626 1090 eo
651 1019 849 1090 indicabitur
874 1016 916 1083 de
938 1016 1048 1084 vobis:
1081 1027 1114 1084 et

25 1145 66 1206 qm
81 1147 215 1194 memnra
239 1127 409 1205 metimini,
438 1119 478 1192 ea
496 1127 684 1190 remetietur
707 1119 810 1190 nobie
851 1117 882 1184 3.
913 1117 984 1188 Cur
1004 1128 1111 1189 autem

24 1222 87 1288 rides
96 1225 247 1306 ieameam,
261 1247 346 1314 quae
362 1227 459 1292 estin
472 1223 689 1292 neulniretria
710 1225 772 1308 tui,¹
783 1217 909 1286 trabem
917 1235 1012 1298 vero,
1026 1241 1112 1306 qnae

24 1333 55 1384 est
69 1325 95 1388 in
113 1327 203 1394 oculo
224 1337 296 1409 tuo,
314 1347 384 1394 non
412 1323 664 1391 animadvertis?
696 1323 726 1388 4.
747 1321 813 1386 Ant
834 1317 1000 1406 quomodo
1023 1318 1112 1386 dices

24 1419 87 1488 [ratri
101 1438 161 1506 tue,
180 1428 268 1508 Sine,
290 1431 423 1494 eximam
435 1426 591 1492 festucam
602 1445 640 1489 ex
652 1419 750 1490 oculo
772 1430 839 1499 tun,
862 1427 894 1484 et
908 1440 984 1486 ecee
1003 1417 1112 1493 trabae

23 1522 137 1593 inuenio
155 1532 231 1594 tuo?
260 1531 291 1594 5.
309 1529 500 1614 Hypocrita,
521 1527 605 1590 eiice
626 1526 717 1614 prim
736 1519 862 1588 trabem
875 1539 915 1586 ex
926 1515 1026 1586 oculo
1045 1529 1112 1599 tun,

25 1633 47 1686 tt
61 1633 115 1692 tnnc
132 1631 315 1716 perspicies,
333 1637 369 1694 ut
391 1629 509 1692 eximas
528 1623 684 1689 festucam
706 1641 745 1690 ex
767 1619 864 1686 oculo
886 1619 993 1686 fratria
1012 1622 1070 1684 tui.

22 1859 37 1920 t'
79 1759 199 1930 ΜΑΙΞΟ.
219 1764 277 1830 tv.
317 1761 369 1828 et.
392 1761 471 1852 Qun
490 1777 640 1832 menenra
661 1755 850 1838 metiemini,
872 1751 989 1822 eidem
1007 1771 1112 1819 reme·

31 1869 90 1926 retur
105 1885 142 1930 vo
164 1869 199 1932 is.
891 1879 895 1886 ’

77 1995 164 2066 LUC.
182 1998 240 2066 Vi.
281 1992 637 2082 attollentem,
658 1999 692 2056 et
703 2009 772 2056 non
793 1985 1031 2056 indinabtminir
1052 2005 1113 2052 nn·

21 2089 58 2158 tn
74 2099 290 2178 condemnare,
322 2107 355 2165 et
375 2117 444 2164 non
474 2087 782 2164 condemnabimini:
808 2089 977 2166 remittite,
1003 2097 1035 2154 et
1061 2109 1112 2154 re-

21 2199 124 2266 nitetur
141 2199 243 2268 vobir.
284 2200 338 2266 38.
365 2195 468 2275 Date,
496 2207 531 2262 et
551 2187 681 2262 dabitur
700 2187 805 2260 vobis.
845 2187 1034 2256 Menarram
1051 2183 1112 2258 btv

21 2313 70 2362 tm
86 2311 113 2366 et
130 2301 322 2378 confertam,
352 2309 386 2364 et
408 2315 595 2363 concinnum
621 2301 721 2378 atque
748 2288 965 2355 exundantem
986 2285 1113 2352 dabunt

21 2395 42 2458 in
56 2401 139 2468 sinum
158 2411 313 2467 vestrum:
337 2397 451 2464 eadem
467 2399 587 2487 qnippe
608 2409 768 2470 mensura,
790 2409 854 2476 qun
874 2389 1040 2466 metimini,
1060 2392 1112 2451 re'-

21 2501 130 2568 nrtetnr
153 2501 257 2570 vobin.
312 2499 365 2566 41.
396 2497 487 2585 Quid
514 2505 622 2565 autem
648 2489 742 2560 rides
767 2487 924 2555 festucam
953 2488 988 2556 in
1011 2484 1110 2556 oculo

21 2592 93 2664 turris
110 2605 167 2682 tni,
199 2600 327 2668 trabem
348 2611 469 2678 nutem,
502 2616 588 2684 qnae
609 2597 645 2660 in
665 2589 763 2659 oculo
788 2589 924 2676 proprio
946 2596 1009 2666 eet,
1041 2605 1110 2652 non

22 2701 224 2771 animadvertis?
284 2701 335 2768 te
361 2701 428 2766 Aut
461 2693 628 2787 quomodo
662 2693 772 2760 dicare
806 2701 901 2780 poten
932 2689 1008 2754 fatri
1039 2697 1109 2766 tuo,

21 2796 107 2884 Frater,
121 2809 197 2886 eine,
219 2803 346 2870 eiiciam
366 2801 531 2876 festucam,
553 2817 636 2883 quae
657 2794 691 2860 in
709 2790 807 2860 oculo
826 2800 882 2858 tun
906 2798 962 2868 est,
980 2789 1053 2874 ipse
1074 2788 1109 2854 in

22 2902 87 2969 oculo
112 2917 165 2973 tuo
198 2903 323 2972 trabem
350 2921 420 2967 non
449 2897 586 2963 ridens?
627 2895 824 2982 Hypocritn‚
857 2894 940 2958 eiine
971 2891 1108 2975 primum

21 3001 107 3072 tabem
126 3029 162 3076 ex
182 3005 280 3073 oculo
301 3012 376 3080 tuo,
405 3009 438 3064 et
457 3007 543 3064 tnnc·
555 2998 741 3090 perspicies,
757 3005 797 3059 nt
814 2995 924 3059 eiiciat
945 2989 1109 3080 festucam,

21 3121 75 3184 tue
92 3119 134 3174 eet
152 3111 186 3178 in
207 3101 305 3174 oculo
327 3103 435 3172 fratris
453 3103 509 3170 tui.

68 3263 158 3326 taut
177 3271 205 3332 1.
242 3261 343 3326 Nolite
359 3257 497 3322 iudicare.
535 3253 590 3316 Ilia
610 3251 706 3320 verbis
726 3246 854 3329 praecise
874 3263 935 3305 non
956 3239 1110 3336 probibuit

20 3333 116 3404 Christus
140 3363 155 3404 a
177 3339 352 3411 iudicando,
383 3333 607 3407 redssmorbnm,
637 3327 688 3410 qui
708 3323 845 3387 omnibus
872 3321 934 3383 iere
959 3321 1108 3404 ingenitus

19 3423 54 3486 til,
67 3439 153 3478 unare
170 3417 274 3482 voluit.
305 3415 447 3486 Videmus
468 3412 556 3483 enim,
575 3419 609 3468 ut
628 3423 730 3468 omnes
750 3399 806 3463 eibi
827 3395 1009 3490 indulgeant,
1029 3396 1107 3489 quic:

32 3506 154 3556 uranum
172 3497 203 3554 in
222 3493 297 3554 alins
316 3511 433 3552 severus
454 3489 491 3549 rit
510 3506 625 3548 censor.
663 3482 702 3544 Et
735 3476 857 3538 uaedam
877 3474 1024 3536 estburus
1044 3483 1109 3534 vrtu

19 3507 126 3646 dulcedo,
142 3584 174 3631 nt
192 3569 343 3632 neminem
363 3565 426 3626 iere
445 3585 506 3628 non
527 3560 628 3644 titillet
647 3501 786 3637 cupiditas
806 3554 836 3615 in
856 3549 1040 3642 elienaUvitia
1059 3549 1108 3609 in-

19 3643 127 3716 quirendi
162 3647 306 3709 Fatentur
325 3641 444 3724 quidem
465 3659 579 3714 omnes,
597 3635 705 3696 malum
726 3649 787 3697 esse
808 3627 1006 3702 intolerabile,
1027 3621 1108 3706 quod

18 3725 58 3778 ltu
71 3723 177 3806 maligni
195 3723 257 3784 sint
275 3739 347 3812 erga
367 3719 469 3780 fratrer
506 3714 556 3808 qui
574 3712 630 3778 eibi
649 3711 680 3770 in
700 3731 754 3790 pro
779 3705 826 3768 riis
845 3705 921 3766 vitiis
940 3704 949 3762 i
994 3711 1107 3792 escunt.

19 3789 87 3872 ltqie
104 3799 129 3860 id
148 3799 232 3860 etiam
250 3797 349 3859 multu
369 3761 532 3876 proverbire
545 3789 722 3876 damnarunt
733 3728 805 3846 olim
824 3779 943 3872 profani
979 3797 1106 3840 ommes:

20 3873 121 3935 tnnibur
139 3888 232 3938 tamen
252 3869 374 3936 saeculis
394 3871 543 3942 obtinuit,
572 3876 602 3925 et
626 3861 715 3926 bodie
735 3877 854 3941 quoque
880 3857 1004 3918 obtinet
1040 3853 1106 3920 Imo

19 3949 99 4007 accedit
115 3952 198 4012 altera
211 3951 308 4032 ,pertis
321 3948 463 4020 deterior,
481 3943 562 4026 quod
582 3941 660 4002 bona
681 3960 745 4020 pare
765 3935 837 3998 alios
857 3931 1024 3993 damnando
1035 3951 1106 4020 pecc-

20 4023 79 4082 unt
95 4025 230 4089 licentiam
250 4025 314 4085 vult
331 4025 492 4101 acquirere.
523 4021 608 4084 Hanc
628 4036 744 4098 pravam
764 4009 936 4084 mordendi,
956 4029 1004 4070 car
1027 4005 1107 4080 endr,

20 4093 164 4183 oluerunt
183 4103 335 4166 libidinem
347 4099 468 4161 cohibet
480 4095 624 4170 Christus,
644 4113 736 4172 quum¹
754 4089 838 4161 dicit,
852 4085 953 4148 Nolite
969 4028 1107 4144 iudicare.

19 4166 94 4252 leque
110 4180 181 4240 enim
200 4179 352 4242 caecutire
372 4176 483 4236 debent
502 4169 614 4250 fideles,
633 4181 666 4230 ut
686 4165 759 4228 nihil
771 4163 950 4236 discernant,
970 4157 1022 4220 sed
1040 4167 1107 4244 tan:

21 4253 102 4335 tense
127 4255 200 4335 ineos
225 4255 359 4328 frenare,
389 4271 428 4312 ne
454 4248 585 4332 cupidine
609 4245 739 4306 iudicent
765 4261 852 4321 qnam
878 4258 931 4318 par
951 4245 1009 4322 est:
1031 4231 1106 4322 'irem

23 4328 154 4394 tumtur
171 4353 231 4396 non
249 4341 363 4418 untur,
374 4327 447 4413 quin
465 4325 586 4390 modum
607 4319 713 4410 rigoris
733 4317 865 4392 excedat,
882 4312 1019 4396 quisquo
1030 4303 1106 4378 tuth-
