2522 4852
168 231 211 293 ,34
352 213 507 282 SECTIO
525 214 567 276 11.
605 161 952 276 unsaramma
969 225 1129 275 narrata.
1178 257 1183 267 .

168 369 253 431 'sante
272 363 379 446 ipsuiu
398 361 531 422 laturum
549 372 665 496 tempus
683 359 902 440 promitterent.
942 357 1047 418 Voluit
1061 355 1139 416 enirn
1158 355 1259 420 euullt

169 447 270 506 minus
279 442 410 535 alputero
423 439 495 498 raris
506 437 611 519 insigni
636 459 669 496 us
678 456 796 508 ornare,
809 455 847 494 ne
860 434 1001 495 obscurus
1011 445 1114 515 postea
1124 445 1155 493 et
1166 445 1259 568 tangue

172 516 395 658 tssttt'tlltt
413 513 841 662 tttt'iltltt‘ttititt
853 511 1022 647 illiti:
1034 529 1149 647 titt}
1163 531 1259 647 tt..

672 972 798 1048 σσςιιιιιὸ.
842 970 979 1030 Dultitari
1003 981 1118 1052 polest,
1146 991 1181 1030 ex
1205 967 1259 1034 anlal

165 1050 383 1116 benedictione
407 1047 573 1131 gignendae
598 1046 710 1108 sobolis
733 1047 915 1128 magnificam
942 1047 1005 1106 Dei·
1024 1049 1146 1128 gratiam
1172 1047 1259 1110 aestiut

171 1131 272 1193 verint
290 1126 338 1188 isti
357 1126 508 1199 homines,
526 1145 563 1183 aa
583 1145 655 1184 vero
697 1124 756 1182 rius
776 1125 938 1194 audissent,
960 1125 1128 1204 apparuisse
1149 1119 1259 1184 zaatni

171 1204 339 1288 Angelum,
370 1203 421 1282 qui
445 1200 537 1260 lilium
560 1199 602 1260 illi
648 1143 776 1260 sllicitus
797 1211 881 1260 esset
919 1202 992 1260 Erat
1016 1212 1098 1260 certe
1118 1201 1177 1262 hoc
1195 1201 1259 1260 beat

170 1284 248 1344 eium
259 1281 317 1340 Dei
328 1299 390 1340 nou
402 1276 533 1358 vulgare,
553 1296 613 1355 qun
652 1287 770 1357 praeter
783 1288 910 1337 naturae
920 1276 1055 1336 ordinem
1075 1280 1184 1338 sterilis
1202 1275 1259 1340 null

163 1370 271 1422 exacta
290 1356 346 1417 iam
365 1364 462 1414 aetate
483 1353 652 1435 peperisset.
692 1353 796 1412 Potest
815 1373 888 1434 ergo
908 1353 988 1427 lieri,
1006 1365 1040 1412 ut
1060 1353 1112 1413 lrac
1131 1345 1259 1415 mutuml

171 1455 258 1496 eausa
278 1432 393 1493 divinae
412 1430 553 1491 bonitatis
571 1429 803 1507 magnitudinem
819 1428 985 1488 extulerint.
1024 1429 1121 1490 Porro
1138 1433 1187 1492 die
1201 1443 1259 1490 ocul

171 1511 264 1574 officii
284 1509 400 1590 quidam
421 1517 452 1566 et
471 1505 657 1566 humanitatis
677 1525 760 1565 causa
781 1510 829 1582 (ut
847 1505 911 1564 lieri
930 1506 1019 1583 solet)
1036 1511 1229 1582 conveniunt,
1246 1523 1259 1565 sl

170 1588 226 1649 ltac
252 1585 409 1648 occasione
433 1583 527 1642 utitur
544 1580 641 1656 Deus,
667 1593 701 1641 ut
720 1582 834 1642 virtutis
863 1601 932 1642 suae
964 1595 995 1643 et
1019 1583 1131 1664 gloriae
1156 1598 1259 1645 testesi

170 1689 185 1728 ι
208 1675 353 1724 ertatores
373 1658 468 1720 iaciat
506 1659 570 1718 Nec
588 1677 661 1718 vero
682 1657 804 1749 dubium
825 1671 884 1730 est,
911 1659 981 1741 quin
1000 1662 1097 1750 maior
1115 1661 1154 1720 ad
1175 1675 1257 1753 estre

169 1748 480 1878 ιὲἶῗὲῗιῖὲἱὶἳῗω
494 1734 1259 1908 ttfttt't.bittit?‚ltt‘gtmltttttffl

169 1905 269 2031 tit.
282 1900 643 2044 ttatt‘ttdtt'ttt.
660 1888 1259 2043 istilatl'tt't't...ltl'i'ttt‘

169 2067 239 2107 meu
260 2043 291 2104 id
312 2043 410 2104 iacere
428 2039 529 2102 solitos
548 2040 612 2100 sine
632 2039 785 2101 hominum
806 2039 971 2121 frequentia
988 2053 1195 2103 eteouveutu:
1214 2045 1259 2126 idtp

169 2122 289 2182 merito.
332 2119 406 2179 Nam
427 2138 517 2196 quum
538 2127 615 2178 esset
633 2135 791 2177 commuue
812 2117 959 2180 Ecclesiae
978 2133 1214 2197 sacramentum,
1237 2141 1259 2194 u

170 2196 274 2260 debuit
293 2195 367 2258 clam
386 2194 433 2255 vel
453 2193 587 2274 privatim
607 2193 810 2254 administrari.
1258 2205 1259 2258 l

245 2279 293 2339 59.
335 2271 373 2332 V
368 2269 491 2330 orabunt
514 2291 579 2329 eum
599 2275 696 2346 putris
720 2272 843 2330 numine.
895 2270 1025 2344 Scitum,
1052 2272 1138 2334 initio
1163 2275 1254 2354 impos

169 2347 260 2412 l'uisse
279 2347 447 2410 hominibus
468 2347 598 2420 nomina,
617 2346 663 2407 vel
683 2366 716 2406 ex
736 2367 834 2405 rerum
854 2359 973 2423 eventu,
993 2345 1040 2409 rel
1061 2351 1148 2409 etiam
1169 2353 1259 2432 prop*

167 2429 229 2490 tieu
250 2426 402 2498 instinctu,
421 2424 457 2483 ad
478 2425 639 2483 anundum
659 2423 778 2502 aliquod
799 2441 934 2483 arcanum
947 2425 1005 2484 Dei
1024 2446 1116 2506 opus:
1135 2431 1187 2488 sed
1200 2449 1259 2507 pos

166 2501 261 2586 longo
291 2501 433 2576 temporis
463 2520 613 2590 successu,
642 2521 735 2592 guum
765 2497 888 2562 uberior
920 2513 996 2562 esset
1028 2503 1181 2596 nominum
1205 2525 1239 2564 co

166 2589 404 2714 ιιιιιιιιι
421 2573 1259 2736 stactisatat„ttrttttttstttl

166 2729 218 2792 ste
238 2741 307 2790 ante
325 2741 438 2810 patrem
459 2727 579 2788 loannis
599 2729 698 2810 plures
719 2729 837 2789 luemnt
855 2731 1028 2803 Zachariae,
1048 2744 1079 2792 et
1099 2733 1177 2793 lorte
1198 2731 1259 2793 laicl

165 2805 412 2869 filiovllarauliaa
439 2803 586 2886 originem
612 2817 746 2868 traxerat.
795 2807 910 2868 Scimus
937 2821 1050 2882 antem,
1078 2820 1112 2868 ut
1141 2811 1259 2891 plurimi

166 2883 248 2964 quod
276 2903 328 2942 usu
354 2894 384 2944 et
408 2881 621 2942 consuetudine
646 2895 796 2968 receptum
822 2895 866 2944 est
892 2904 946 2966 pro
975 2885 1039 2968 lege
1066 2885 1178 2948 baberi.
1224 2887 1259 2976 ld(

164 2957 351 3020 contendunt
369 2957 416 3019 isti
435 2956 580 3032 homines,
601 2979 713 3020 morem
734 2959 785 3038 qui
806 2958 967 3020 invaluerat
990 2963 1163 3023 servandum
1185 2977 1259 3025 essel

103 3103 105 3106 ¹
164 3037 287 3096 nomine
308 3034 437 3094 infantis.
482 3034 640 3094 Caeterum
667 3048 700 3095 ut
724 3035 858 3097 nnlla¹in
885 3038 1052 3098 nominibus
1075 3041 1228 3099 statuenda
1252 3045 1259 3098 t

154 3112 282 3194 religio,
300 3112 341 3172 ita
361 3111 409 3190 pie
430 3121 461 3170 et
479 3109 592 3171 utiliter
602 3111 748 3172 delectum
767 3135 785 3174 a
802 3113 939 3180 fidelihus
960 3115 1012 3175 hae
1031 3115 1061 3174 in
1081 3129 1164 3208 parte
1184 3115 1259 3176 habe

162 3209 252 3266 nemo
273 3209 359 3248 sanus
379 3207 417 3248 ne
440 3185 515 3246 abit:
539 3199 573 3246 ut
590 3189 705 3250 seilicet
723 3191 843 3250 uomina
863 3191 1021 3283 imponant
1039 3192 1105 3254 liliis
1125 3194 1200 3268 auis,
1222 3215 1240 3273 q

162 3261 316 3325 doctrinae
336 3276 366 3323 et
386 3285 400 3324 a
424 3262 595 3324 monitionis
615 3263 679 3326 vice
699 3265 754 3326 illis
773 3267 847 3338 sint,
875 3265 982 3329 deinde
1008 3267 1104 3362 potius
1124 3281 1259 3332 mutuent

156 3347 197 3401 'ex
216 3340 323 3402 sanctis
342 3339 478 3400 Patribus
509 3341 557 3418 (ut
581 3341 657 3402 filins
681 3361 749 3404 sues
776 3343 812 3404 ad
833 3343 951 3404 illorum
967 3345 1164 3406 imitationem
1185 3331 1259 3428 prod

151 3419 246 3496 :eeat)
266 3437 353 3496 ιιιιιιιι
373 3427 521 3476 amassent
531 3437 555 3476 ¹a
574 3418 714 3497 prolenis
1258 3435 1259 3484 l

237 3498 285 3558 6⁰.
323 3489 514 3568 Κιιροιιιὶιιιι
531 3507 624 3554 mata·
641 3499 711 3556 ιιίιι.
749 3497 900 3558 lacertum
921 3509 982 3578 est,
1007 3519 1045 3562 au
1065 3499 1187 3562 oraculo
1207 3495 1259 3560 eti

160 3565 267 3630 educta
288 3567 376 3629 luerit
394 3566 553 3629 Elisabeth.
607 3571 694 3646 Quan
719 3595 783 3633 uam
804 3573 960 3638 verisimile
980 3587 1039 3651 est,
1091 3599 1158 3638 uum
1179 3579 1249 3637 vida

155 3643 314 3736 'Zacharias
338 3665 369 3705 se
395 3645 502 3705 nimiae
526 3647 557 3706 in
583 3594 732 3709 credendo
759 3647 903 3710 tarditatis
922 3668 1049 3732 poenam
1070 3597 1178 3729 luere,
1209 3675 1247 3711 ιιι

157 3720 248 3781 lutam
264 3733 404 3782 testatum
422 3742 479 3803 per
501 3724 691 3816 scripturam,
716 3727 798 3806 quod
818 3727 857 3786 de
880 3728 1002 3790 nemine
1021 3729 1153 3812 Angelus
1172 3731 1259 3812 praed

199 3809 258 3858 rat:
279 3797 390 3878 alioqui
410 3821 471 3862 nun
491 3813 635 3884 paruisset
645 3801 703 3862 Dei
723 3804 873 3868 mandato.
912 3805 1010 3866 Porro
1031 3827 1084 3866 cur
1102 3827 1212 3868 numen
1236 3806 1259 3900 la(

156 3817 306 3964 diptistae
318 3875 455 3937 divinitus
475 3877 597 3938 inditum
611 3876 710 3951 luerit,
729 3901 815 3960 supra
829 3883 959 3962 exposui.
1001 3881 1140 3964 Cognati,
1162 3901 1259 3966 quaml

155 3961 301 4010 rationem
327 3967 388 4012 tton
412 3966 548 4028 teneant,
579 3966 737 4014 mutentur
755 3967 854 4018 tamen
875 3957 918 4017 rei
943 3960 1089 4035 novitate,
1119 3945 1259 4039 praesenti

156 4026 224 4106 quia
244 4048 306 4088 non
325 4040 440 4089 temere
460 4029 516 4091 hoc
536 4029 792 4126 liericoniicluut.
1176 4112 1185 4128 .
1258 4035 1259 4082 l

155 4189 219 4239 a...
232 4107 1259 4264 li...tigittlttfital'sstttttt't't{illinisti

146 4253 214 4318 ”auc
233 4275 271 4318 eo
291 4256 349 4316 fiae
370 4268 402 4317 et
419 4257 543 4320 consilio
564 4259 595 4320 iu
609 4261 686 4322 diem
704 4259 789 4324 illum
809 4263 967 4341 distulerit,
988 4273 1025 4326 ut
1063 4265 1196 4326 ominu-
1215 4251 1259 4322 uel

151 4330 199 4398 loe
228 4333 260 4395 iu
284 4331 430 4397 luauueua
458 4347 658 4404 euurertsret.
706 4337 824 4403 Dicitur
840 4341 1004 4407 taciano
1027 4341 1162 4407 landone
1179 4341 1259 4402 Dent
