2568 4848
331 243 390 322 (11.
407 237 594 324 Genealogia
612 237 746 322 chniu.)
1062 243 1104 310 13

29 391 61 476 pri
76 386 125 454 init
142 383 328 467 zorobabel,
345 389 400 476 qni
422 387 484 455 tritt
503 385 670 468 salathiel,
690 389 747 474 qni
773 385 834 453 tuit
854 385 944 464 Neri,
959 385 1011 452 28.
1031 381 1102 472 Qut

28 491 62 552 init
77 487 194 565 Mucii,
220 492 272 578 qui
294 491 354 558 iuit
373 490 476 568 Adit,
502 492 558 576 qui
581 489 642 554 init
666 485 804 567 Cosam,
829 490 886 576 qui
913 487 973 552 init
994 485 1102 552 Eiron·

25 590 83 666 ira,
104 591 151 676 qui
168 587 223 656 fuit
240 591 300 670 Er,
342 591 394 658 29.
421 591 490 678 Qui
511 589 571 656 iuit
593 587 685 670 lose,
712 591 767 676 qui
791 585 850 653 tuit
873 587 1018 666 Eiiezcr,
1044 587 1101 674 qui

24 689 60 752 init
75 691 167 768 iorinr,
186 695 238 776 qui
259 691 321 756 iuit
340 691 494 768 Marinus,
515 693 571 778 qui
592 689 653 768 iuit
676 691 771 766 Levi,
811 691 862 754 30t
882 690 951 773 Qui
970 687 1030 752 iirit
1051 688 1103 754 Si·

23 811 91 866 neon,
108 793 155 877 qni
175 791 232 856 iuit
251 791 341 870 iuda,
361 794 417 880 qni
440 791 500 856 iuit
517 791 643 877 loseph,
665 794 719 878 qni
745 789 939 866 tuitionem,
962 792 1017 876 qui
1040 787 1102 854 init
1210 787 1214 794 ’

21 889 126 970 iinciu,
161 889 208 958 31.
232 891 300 978 Qui
325 890 384 957 iuit
397 887 521 969 Melon,
543 893 600 978 qui
621 889 681 956 suit
701 889 845 968 Meinas,
867 892 923 978 qui
945 887 1004 954 fuit
1017 887 1103 956 Mat·

22 991 87 1066 tatia,
111 994 158 1076 qui
179 991 237 1056 iuit
257 992 405 1072 Nathan,
425 993 483 1080 qui
504 991 565 1057 iuit
585 990 716 1068 David,
755 993 808 1056 32
832 991 900 1076 Qui
921 990 983 1056 iuit
1005 991 1102 1068 lesse,

23 1093 54 1174 pri
77 1090 125 1156 init
143 1089 255 1171 Obed,
293 1095 350 1180 qui
383 1092 566 1168 ruiensis,
599 1091 655 1178 qui
687 1091 747 1156 init
768 1091 915 1170 Snlmon,
954 1091 1011 1179 qui
1040 1089 1103 1156 iuit

22 1190 134 1272 Necnon,
170 1193 220 1260 33.
247 1191 319 1279 Qui
346 1190 627 1270 suitiiminadnb,
659 1193 714 1278 qui
737 1191 796 1258 iuit
815 1191 930 1268 Aram,
964 1193 1019 1278 qui
1042 1189 1103 1258 iuit

21 1287 108 1370 brun,
123 1295 173 1379 qui
193 1292 253 1362 init
272 1295 410 1372 Pharna,
436 1291 573 1380 qui.iuit
595 1289 712 1370 iudae,
751 1293 803 1358 34.
827 1291 892 1386 Qui
914 1291 974 1358 init
994 1289 1104 1372 iacob,

23 1391 232 1474 quitatione,
264 1397 324 1484 qni
345 1395 406 1460 init
424 1391 591 1472 Abrahae,
624 1396 680 1478 qui
703 1391 763 1457 init
785 1393 928 1471 'l'harne‚
964 1395 1019 1480 qni
1041 1393 1104 1460 init

24 1487 118 1570 tactu,
136 1491 183 1560 35.
205 1493 275 1582 Qui
298 1495 361 1560 init
381 1493 492 1580 Sarug,
511 1495 565 1584 qui
588 1491 649 1558 tuit
670 1493 792 1580 Ragau,
813 1495 869 1582 qui
891 1493 951 1559 tuit
973 1492 1103 1580 Phaleg,

29 1589 113 1670 qritrt
127 1593 245 1675 Hebes,
265 1598 324 1684 qui
345 1595 406 1662 fuit
424 1593 536 1674 Seiae,
567 1593 621 1660 36.
642 1593 711 1678 Qui
733 1595 793 1660 fuit
806 1591 944 1673 Cainrn,
967 1597 1023 1681 qui
1042 1593 1104 1662 tuit

27 1688 154 1774 tnturt,
182 1699 239 1782 qui
268 1695 331 1760 init
353 1696 446 1774 Seru,
479 1697 535 1781 qui
564 1694 624 1759 init
645 1695 756 1774 Noae,
788 1695 844 1782 qui
871 1695 932 1760 iuit
951 1693 1103 1772 Lamech,

22 1787 53 1852 ii.
68 1791 115 1876 Qui
133 1793 419 1874 iuitMethusuiue,
441 1797 496 1881 qui
518 1793 580 1860 iuit
600 1795 749 1870 Houoch,
772 1797 828 1884 qui
849 1794 910 1860 iuit
921 1793 1024 1876 laced,
1046 1796 1104 1882 qui

23 1887 59 1954 iuit
77 1893 270 1976 Mahalaieel,
301 1899 357 1982 qui
380 1897 440 1962 init
462 1895 609 1973 Critian,
651 1895 701 1962 38.
729 1895 798 1983 Qui
825 1895 885 1964 [uit
910 1895 1020 1975 Enoc,
1047 1895 1104 1982 qui

23 1985 58 2053 itit
72 1991 140 2072 Seth,
158 2000 213 2084 qni
233 1996 298 2062 istit
318 1995 433 2076 Adam,
454 1998 510 2086 qui
532 1996 592 2062 init
614 1997 688 2062 Dei.
907 2035 909 2042 ,

69 2139 196 2214 Quoniam
215 2145 253 2208 de
274 2145 320 2206 iris
339 2143 451 2204 duabus
470 2145 664 2228 genealogiis,
684 2165 758 2226 quae
778 2165 793 2204 a
810 2141 962 2205 Matthaeo
983 2156 1014 2205 et
1022 2143 1104 2206 Luca

22 2209 137 2295 descriptae
152 2234 232 2296 sunt,
258 2241 323 2282 non
344 2221 485 2282 convenit
510 2222 728 2297 internarum,
754 2221 851 2358 priato
870 2220 1027 2281 videndum
1048 2233 1105 2297 eat,

23 2287 158 2357 iuuentus
174 2300 260 2360 arnbu
276 2297 390 2360 Christi
408 2297 613 2379 genealogiam
631 2320 649 2359 a
667 2300 757 2379 losep
778 2341 788 2370 ‚
806 2319 843 2358 en
855 2317 927 2358 vern
940 2297 1105 2358 Matthaeus

24 2373 106 2442 trun,
121 2373 207 2435 Lucas
227 2393 302 2436 sero
323 2395 339 2434 a
358 2375 459 2434 Maria.
500 2372 561 2447 Qui
582 2375 640 2436 iton
660 2377 806 2455 posterius
824 2374 967 2448 sentiunt,
986 2373 1105 2452 specio·

22 2459 60 2530 ‘tp
73 2443 164 2511 tabeat
181 2449 358 2512 discriminis
377 2462 557 2531 praetextum
577 2451 610 2511 in
630 2450 751 2511 diversis
771 2449 952 2522 nominibus,
972 2460 1003 2508 et
1022 2459 1105 2508 certe

24 2537 82 2592 istm
95 2528 181 2604 specte
199 2527 273 2589 nihii
293 2525 390 2586 minus
409 2527 538 2602 ridetur,
585 2549 651 2588 uam
670 2527 795 2608 geneaio
818 2525 844 2584 ia
862 2545 922 2585 uae
941 2524 995 2585 ead
1067 2543 1117 2606 ue*

24 2599 108 2734 :iptptrpp
128 2623 211 2741 quaeda
231 2615 400 2740 ffifffepn
424 2603 555 2739 lpucm
606 2545 873 2741 '‘gh'wfflflisig‘m'
911 2601 1022 2739 Nadnrla
1072 2623 1105 2738 p·

143 2699 159 2738 e
339 2702 347 2738 ι
419 2699 435 2738 e
472 2701 488 2738 r
657 2698 708 2738 eru
872 2698 943 2738 sea

24 2743 68 2806 rins
81 2697 365 2828 ρ11111ιιειιιοιιιίιιειε
382 2701 705 2830 beintgriirisiduun
730 2701 887 2818 informs
912 2698 1106 2816 iuisreoisipre

24 2839 61 2878 Μ
74 2833 215 2894 necessaria
234 2843 350 2894 taatunt
369 2851 483 2912 ponere
503 2832 624 2908 laboris,
644 2844 677 2892 nt
717 2831 918 2914 enusloseph‚
938 2831 987 2911 qui
1005 2844 1105 2893 umen

25 2903 188 2992 utersstruri
206 2929 269 2970 non
291 2920 371 2982 erat,
394 2907 441 2968 bia
460 2910 642 2970 recitaretur.
692 2852 861 2985 δυοηυω,
880 2909 910 2968 in
934 2909 1033 2981 uiant,
1051 2911 1106 2972 ieta

24 2990 136 3066 repetitio,
155 2986 231 3046 unde
250 2983 326 3045 nihil
345 2985 504 3065 probatur,
528 2985 608 3065 quod
627 2985 711 3046 vaide
730 2987 766 3046 ad
785 2987 853 3046 fidei
872 2929 931 3046 aei

25 3059 143 3146 Mutati
177 3062 252 3123 Nam
272 3061 295 3121 si
318 3061 375 3120 hoc
394 3072 510 3122 tautum
529 3063 730 3144 cognoscitur,
749 3062 857 3142 Ioseph
878 3081 968 3121 unum
989 3081 1051 3120 ease
1071 3081 1107 3122 es

32 3139 108 3207 ¹utens
125 3147 152 3194 et
170 3138 280 3198 iamiiia
298 3137 433 3213 Desinit,
451 3137 562 3199 Christi
580 3157 673 3220 genus
693 3140 805 3200 interea
825 3136 956 3197 manebit
976 3135 1108 3198 dubium.

25 3223 75 3336 5:5⁰
99 3229 190 3305 corun
221 3215 332 3276 iudicio
363 3235 573 3366 arpptuppcnanr
599 3215 715 3350 inpiissetpp
746 3215 821 3275 duos
844 3211 1044 3345 Evangeliapaa
1074 3213 1109 3348 ip

24 3292 389 3456 ...ἕ..ἶξ.ῗ.,,““εῗ“ἕῖἕ.ἶξ.’.ι,
411 3303 1108 3456 1331ἔῖ11...’11ιὲῗᾎξιὶἶέξζίἱῗ...ῗ’ζὶῑ

25 3445 66 3490 eurr
90 3439 188 3504 (risisti
221 3463 284 3504 erae
315 3455 428 3524 patrem
454 3444 547 3504 :durio
572 3444 780 3535 opinabantur.
830 3442 922 3520 Atqui
953 3439 1110 3502 rrdrcuiunt

928 2984 1108 3046 ificationeru

26 3503 105 3587 suiset,
126 3517 175 3580 ista
193 3519 375 3601 induigentia
397 3519 497 3580 iuvere
516 3536 714 3601 perniciosum
735 3537 880 3580 erroremr
906 3525 938 3577 et
956 3527 1110 3580 contuear

24 3581 87 3655 1111111
104 3609 248 3678 repugnat.
296 3599 372 3658 Nare
396 3597 515 3658 sinruiac
534 3608 654 3656 venturu
675 3607 719 3655 est
738 3594 774 3655 ad
795 3591 985 3687 genealogiae
1010 3594 1112 3668 finem,

26 3657 255 3750 trinitatum,
273 3693 333 3732 non
355 3693 389 3733 ea
408 3675 518 3735 sesninc
531 3673 650 3752 loseph,
669 3671 720 3732 sed
740 3691 846 3732 arcana
856 3671 983 3751 Spiritus
1001 3669 1112 3732 virtute

27 3732 135 3805 Christum
164 3749 191 3808 in
222 3762 308 3810 utero
340 3749 460 3832 virginis
493 3749 580 3810 inisse
612 3760 801 3830 conceptum.
843 3747 946 3822 Quare
970 3748 994 3806 ti
1019 3757 1112 3808 steret

25 3827 96 3900 “istu
112 3824 190 3900 ratio,
208 3825 349 3888 stultitiae
368 3826 415 3886 rei
435 3826 645 3908 incogitantiae
666 3837 765 3916 posset
783 3824 865 3906 argui
884 3822 1059 3895 Matthaeus,
1078 3833 1113 3884 ut

27 3905 59 3961 itt
74 3891 161 3960 irunra
180 3903 294 3978 recitet,
314 3902 393 3962 unde
413 3903 558 3986 originem
579 3903 692 3962 duxerit
711 3901 828 3980 loseph.
867 3900 958 3979 Atqui
979 3902 1113 3962 nondun

27 3961 92 4028 uinta
109 3987 146 4034 est
164 3997 263 4040 eorunr
284 3979 433 4052 obiectio,
460 3979 541 4058 quod
561 3979 719 4060 progenies
739 3976 847 4058 loseph
873 3976 947 4036 nihii
967 3978 1002 4036 ad
1024 3977 1113 4038 Cirri-
1206 4033 1214 4044 ,

28 4047 77 4100 ‘itm
87 4054 223 4126 pertineat.
241 4088 245 4099 ·
263 4057 346 4116 Trita
361 4055 491 4137 etvuigo
501 4067 573 4115 nota
585 4053 741 4134 responsio
750 4066 804 4129 est,
826 4054 854 4112 iu
865 4073 992 4134 perrona
1005 4051 1113 4132 incepit

29 4125 194 4199 tonpnterti
213 4132 300 4192 etiam
322 4131 432 4192 Mariae
450 4152 563 4215 genos,
581 4132 647 4212 quia
668 4129 713 4190 lex
734 4129 856 4191 iubebat
874 4145 1115 4210 unumquemque

29 4207 101 4286 ‘upa
118 4205 189 4266 tribu
213 4229 332 4270 uxorem
353 4209 470 4270 ducere.
496 4207 675 4300 *Eacipinnt
698 4207 741 4268 iiii
765 4218 885 4280 contra,
918 4204 1015 4286 iegeru
1039 4203 1115 4264 hano

32 4273 132 4339 turtius
148 4281 206 4344 iere
225 4285 348 4346 necclia
367 4285 532 4378 neglectam
552 4285 651 4358 ionae,
670 4284 723 4342 sed
743 4294 926 4366 argumenta,
945 4279 1050 4358 quibas
1070 4277 1117 4336 rri-

31 4349 113 4430 11111Μ,
127 4355 224 4424 trinta
236 4374 318 4424 cunt
356 4363 461 4428 Crtaat
478 4361 643 4446 eaenrpinnr
660 4359 748 4437 iiten,
766 4359 848 4452 tpaod
866 4354 1004 4418 undecim
1023 4351 1119 4414 tribue
