2502 4854
205 243 265 322 (M.
283 242 477 328 Wfflglflle
496 240 709 326 diaelpulorum
726 243 884 328 legatio.)'
1037 255 1118 320 m

19 385 91 448 netu
106 386 212 468 pune
228 387 300 450 laec
316 389 478 465 seutentim
497 388 643 468 superiori
662 389 749 450 etiam
769 389 904 452 membro
923 393 1096 474 respondes,

18 463 51 524 sii
64 464 153 524 dietim
171 465 229 541 tute,
247 465 432 527 iustilieetnm
452 487 469 526 a
488 466 577 547 plebe
597 466 684 526 luisse
694 467 802 526 Deum.
840 467 921 549 Ergo
935 471 1099 548 quamlibet

18 540 73 600 nolti
92 553 223 622 apostatae
250 564 266 603 a
291 543 348 602 Dei
374 542 505 603 Ecclesia
535 543 713 618 desciscant,
744 563 861 623 semper
889 555 988 606 tamen
1018 549 1096 628 apud

17 619 213 774 offimepssetos,
237 619 287 700 qui
305 637 374 682 rere
392 631 464 682 suut
482 639 517 680 ex
536 637 643 704 grege,
667 619 822 681 incolumis
842 621 979 702 persistet
997 625 1096 686 Evan-

42 849 99 928 (ll.)
134 847 228 918 Luc,
246 853 284 917 X.
336 851 365 918 1.
394 852 473 922 Post
505 849 586 916 haee
605 860 710 916 eutem
734 850 914 938 designavit
933 853 1097 924 Dominus

18 947 109 1016 elalius
127 949 343 1040 Septuaginta,
368 953 519 1040 misitque
547 951 622 1017 illos
648 950 745 1018 binos
768 963 842 1018 astte
870 953 983 1020 faciem
1006 979 1097 1028 suam
1209 998 1211 1002 ’

19 1049 153 1118 uouneru
173 1057 334 1120 civitatem
356 1062 389 1120 et
416 1051 542 1131 locum,
575 1074 642 1139 quo
673 1063 742 1118 erat
769 1055 840 1139 ipse
861 1066 1025 1122 venturus.
1067 1060 1100 1126 2

19 1145 112 1216 lioelet
127 1173 202 1240 ergo
220 1153 295 1232 illis,
312 1154 431 1218 Messis
452 1152 585 1240 quidem
606 1151 721 1230 multa,
742 1152 801 1218 sed
823 1157 966 1240 operarii
985 1162 1098 1242 paucis

20 1261 87 1334 rupte
99 1274 176 1341 ergo.
188 1253 353 1321 dominnm
370 1256 493 1332 messis,
514 1263 550 1318 ut
567 1251 712 1318 exturdat
727 1256 894 1340 operarios
914 1257 948 1325 in
961 1278 1098 1326 messem

21 1367 81 1416 tun·
112 1355 138 1420 t
164 1355 227 1436 lte,
256 1376 334 1420 eece
363 1375 425 1439 ego
449 1356 637 1431 millenos,
662 1355 745 1420 sicut
767 1377 867 1442 agnos
886 1358 973 1424 inter
992 1357 1099 1446 lupos.

24 1449 131 1519 lliolite
140 1465 271 1541 portare
287 1453 460 1532 saeculum,
480 1474 589 1540 neque
601 1475 722 1540 peram,
743 1475 852 1542 neque
871 1456 1099 1541 calceamenta,

29 1557 176 1622 nerninem
188 1577 250 1644 per
259 1559 346 1621 viem
359 1555 585 1621 salutaveritis.
626 1555 656 1620 ὅ.
677 1555 713 1620 ln
728 1577 953 1646 quamcunque
967 1557 1098 1626 domum

28 1649 174 1738 manentis,
204 1659 344 1744 primum
367 1656 480 1736 dieite,
512 1657 578 1721 Pax
598 1655 674 1722 huic
706 1655 827 1724 domui.
878 1659 907 1724 6.
939 1657 982 1724 Et
1002 1663 1030 1724 si
1051 1658 1099 1726 ibi

25 1747 170 1823 insultus
190 1762 297 1846 pacis,
318 1760 504 1843 requiescet
530 1778 631 1843 super
651 1777 724 1822 eum
745 1779 808 1844 pax
828 1769 951 1824 vestra:
971 1762 1021 1825 sin
1042 1761 1100 1825 ml-

21 1857 174 1930 ussdsos
193 1868 386 1924 revertetur.
443 1860 473 1924 7.
507 1857 544 1921 ln
573 1856 686 1922 eadem
715 1868 820 1924 autem
849 1857 948 1924 domo
969 1869 1099 1929 manete

22 1951 108 2024 tientes
125 1972 155 2026 et
172 1957 339 2040 bibentes,
359 1980 442 2045 quae
464 1955 506 2024 ab
529 1955 594 2023 illis
607 1957 785 2024 dabuntur:
808 1958 923 2044 diguus
944 1962 1029 2028 enim
1051 1971 1101 2030 est

21 2061 137 2136 pterim
156 2059 309 2126 mercede
331 2081 399 2126 sua.
424 2057 538 2124 Nolite
559 2060 696 2124 transire
718 2058 760 2124 de
782 2058 881 2125 domo
904 2064 938 2125 in
960 2060 1100 2129 domum.

20 2149 80 2220 tu
94 2161 121 2224 in
141 2181 367 2249 quameunque
397 2163 557 2226 civitatem
591 2160 803 2237 intraveritis,
833 2169 865 2224 et
897 2163 1101 2248 susceperint

20 2271 63 2334 ros,
85 2259 159 2328 edite
183 2285 269 2350 quae
299 2271 507 2350 apponuntur
527 2255 638 2325 vobis:
679 2259 710 2324 9.
740 2257 783 2324 Et
814 2269 925 2326 sanate
946 2259 1102 2344 infirmos,

20 2357 90 2436 uiis
104 2360 153 2428 illo
173 2374 259 2441 ment,
283 2374 316 2429 et
337 2362 435 2429 dieite
446 2361 522 2439 illis,
541 2360 825 2445 Appropinquavit
845 2361 879 2425 in
893 2380 954 2426 vos
966 2381 1102 2446 reguum

20 2451 64 2520 liri.
94 2461 135 2528 lli.
153 2465 188 2528 ln
207 2483 436 2552 quameunque
459 2471 564 2525 autem
577 2462 736 2525 civitatem
756 2461 961 2539 intraveritis,
981 2470 1013 2526 et
1033 2481 1102 2529 nou

20 2565 169 2646 receperint
190 2587 267 2646 vos,
291 2573 445 2628 exeuntes
465 2565 499 2628 in
521 2561 645 2652 plateas
672 2563 742 2628 eius
770 2558 883 2626 dicite:
926 2559 975 2626 11.
995 2560 1102 2630 Etiam

20 2655 151 2743 illrum,
175 2671 231 2752 qui
253 2664 402 2732 adhaesit
428 2661 527 2730 uobis
547 2662 591 2730 de
612 2665 741 2728 ciuitate
762 2671 885 2740 vestra,
911 2665 1103 2749 extergimus

20 2755 96 2827 hves:
113 2774 212 2832 temen
223 2767 291 2832 hoe
309 2769 433 2842 scitote,
454 2763 543 2850 quod
557 2763 831 2850 appropinquavit
848 2765 882 2826 in
893 2783 953 2828 vos
968 2785 1102 2852 regnum

20 2849 64 2922 lei·
99 2863 141 2932 lt
166 2867 253 2934 Ilico
286 2865 397 2946 vobis,
419 2863 510 2954 quod
531 2863 684 2931 Sodomis
710 2865 745 2932 in
774 2861 829 2930 die
858 2859 918 2930 illo
938 2868 1103 2934 remissius

20 2961 63 3038 “ll
76 2985 157 3054 quam
176 2971 302 3036 civitati
322 2967 383 3034 illi.

66 3115 122 3182 luc.
139 3129 167 3191 1.
202 3124 281 3186 Post
298 3121 370 3186 iare
386 3135 483 3184 wne
500 3117 660 3198 Musunii
676 3117 825 3180 Dnntsm
846 3115 932 3179 atos.
951 3120 1105 3208 ‚Apato-

20 3181 118 3272 lupulus
134 3201 169 3264 ad
183 3201 337 3264 Christum
355 3219 491 3264 reversos
503 3217 577 3272 esse,
596 3218 682 3278 quam
702 3196 723 3256 ii
736 3195 931 3276 Septuaginta
950 3215 980 3254 ιιι
1000 3215 1105 3258 eorum

21 3259 82 3330 lm
95 3275 335 3360 subrogarentur,
356 3297 391 3338 ex
410 3273 508 3336 multis
522 3273 747 3336 circumstantiis
757 3270 899 3352 colligere
918 3270 997 3332 lieet.
1021 3273 1106 3336 Missi

22 3355 67 3423 “ll
79 3364 136 3412 ml
154 3354 330 3430 duodecim,
349 3353 399 3434 qui
420 3353 451 3415 in
471 3371 552 3432 spem
573 3349 759 3439 propinquae
779 3346 881 3408 salutis
900 3346 1026 3410 ludaeos
1046 3349 1106 3411 eri·
1196 3371 1210 3384 *-

19 3433 98 3516 tetst:
110 3441 178 3519 post
195 3431 318 3492 illorum
337 3429 482 3504 reditum,
502 3448 593 3506 quum
612 3425 717 3516 maiori
735 3424 909 3514 attentione·
922 3425 1107 3517 opusflioret,

19 3504 442 3646 ilid'lttl'ads‘l‘
460 3503 911 3661 iissdd'iliiillffstdi
936 3503 1107 3640 itm

19 3645 69 3738 ulls
84 3653 132 3720 illis
149 3603 272 3740 perloprie
291 3658 446 3722 commisse
465 3656 522 3718 init
540 3654 666 3745 legetis,
689 3599 749 3714 sed
760 3664 872 3727 tentum
895 3651 1029 3747 Christus
1056 3675 1107 3738 ap·

19 3739 123 3808 penteres
140 3735 306 3826 praemisit,
335 3736 387 3816 qui
413 3731 519 3814 populi
549 3751 663 3820 animos
693 3742 834 3822 pararent
851 3729 888 3790 ad
908 3731 1107 3866 exprprendam

19 3804 243 3968 moe‘tpppupui
263 3809 665 4018 ilppnuprplprpsffeepetpptgrpta
684 3807 799 3868 vedetur
819 3825 885 3869 euro
906 3825 942 3866 or
963 3827 1043 3870 ruem
1061 3829 1109 3975 se:

19 3969 92 4029 nerra,
106 3965 181 4040 quod
200 3960 588 4056 dedpostolisduodecrm
629 3981 740 4050 surmus,
782 3971 836 4018 uot
855 3958 983 4093 flprente
1003 3959 1110 4094 ppppalp
1184 3979 1199 3996 ·

19 4033 197 4196 tritu
215 4035 1111 4203 utu.tutssttsutus.sstu:.ur..

23 4181 119 4250 itudrret
134 4189 244 4284 integre
255 4191 407 4256 Ecclesiae
427 4190 584 4250 restitutio.
623 4187 693 4250 Non
713 4189 851 4250 absimilis
872 4209 903 4248 ru
917 4187 1112 4270 Septuaginta

630 3882 744 3974 opulus.
785 3881 963 3942 Tenendum
982 3897 1027 3945 est
1045 3905 1108 3944 me-

25 4255 75 4339 ‘llio
91 4261 147 4324 luit.
166 4267 288 4344 Seruius,
305 4269 423 4340 Mosen,
444 4287 533 4348 quum
555 4265 641 4325 oneri
660 4285 722 4324 non
741 4265 907 4337 sufficeret,
926 4261 1111 4352 septuaginta

26 4327 62 4390 nli
75 4341 190 4404 usim
208 4343 335 4422 ludices,
354 4343 406 4426 qui
426 4340 570 4424 populum
590 4361 649 4402 uua
667 4361 734 4402 euru
759 4342 825 4422 ipso
847 4347 985 4420 regerent
1007 4337 1112 4414 (baed.
