2678 4860
311 282 384 360 (ute
397 313 433 329 -
446 282 495 344 Μ.
534 277 662 343 Christus
681 277 823 362 diselpulls
842 280 980 362 apparet.)
1154 277 1213 340 toa

67 453 138 494 rum
159 429 311 508 calumnia,
332 432 380 568 spui
393 443 546 493 -externam
565 431 723 493 doctrinam
743 431 903 496 obtendunt
920 449 1120 514 supervacuam
1139 427 1213 506 lore,

69 511 98 572 ai
120 507 197 602 nulla
222 508 339 600 ophira
378 507 592 644 intellipendum
614 507 728 571 facultas
747 509 913 600 naturaliter
930 519 1070 600 suppetat.
1095 505 1213 598 'Quor-

68 585 636 743 ttt’sttttimettti,tillidi
649 582 1213 742 stifftiltttfflti..titillat

68 759 139 799 non
162 737 293 798 lusoriam
319 757 379 797 esse
403 735 522 796 ministri
542 735 683 816 loquentis
702 757 828 818 operam.
867 737 995 799 Christus
1015 736 1104 811 enim,
1150 746 1212 795 ost-

70 835 159 895 quam
184 813 387 896 intelligentiae
411 811 518 893 Spiritu
542 812 656 873 donarit
680 833 760 886 suos,
784 833 845 872 non
867 813 929 874 sine
955 813 1048 873 l'ructu
1070 757 1148 893 apui
1162 829 1212 872 eoa

70 911 111 952 ex
131 890 284 970 Scripturis
303 889 421 951 disserit.
449 889 534 969 Apud
549 888 687 968 reprobos
705 909 775 950 vcro
796 889 863 950 licet
886 899 1003 950 externa
1026 909 1082 952 uox
1108 906 1212 948 evane-

70 978 136 1030 scat
158 965 234 1046 quasi
257 979 377 1039 mortua,
396 966 472 1045 ipsos
492 963 672 1024 nihilominus
694 965 787 1025 reddit
804 965 1014 1026 inexcusabiles.
1054 965 1142 1039 Quod
1161 983 1213 1023 an·

72 1055 135 1104 tem
155 1043 258 1104 attinet
275 1044 309 1103 ad
328 1041 413 1102 verba
435 1039 554 1116 Christi,
577 1051 688 1120 sumpta
710 1053 776 1102 surrt
797 1063 831 1102 ex
851 1041 899 1102 illo
917 1040 1066 1122 principio,
1086 1041 1212 1100 Necesse

72 1130 121 1180 est
145 1117 280 1198 compleri
304 1117 435 1198 quicquid
458 1115 671 1197 scriptumest:
703 1117 768 1196 quia
793 1117 864 1177 nihil
887 1137 939 1198 per
963 1139 1028 1178 suos
1054 1116 1212 1197 Prophetas

73 1206 196 1256 testeum
219 1194 254 1256 sit
274 1195 367 1267 Deus,
395 1192 448 1252 nisi
473 1192 549 1271 quod
569 1205 650 1252 certo
670 1190 793 1254 lauturus
813 1204 882 1254 erat.
927 1195 984 1255 Sed
1003 1193 1100 1254 iisdem
1120 1190 1214 1254 uerbis

73 1291 244 1345 monemur,
280 1270 347 1351 quid
375 1268 526 1350 praecipue
556 1289 590 1328 ex
619 1269 699 1362 Lege
730 1280 760 1328 ct
790 1269 938 1350 Prophetis
969 1268 1131 1330 discendum
1163 1268 1212 1328 sit:

74 1367 192 1438 nempe·
207 1368 292 1426 quum
312 1345 373 1406 linis
392 1356 422 1404 et
441 1347 531 1404 anima
553 1344 637 1427 begis
656 1356 692 1404 srt
712 1343 855 1421 Christus,
874 1345 1006 1426 quicquid
1023 1346 1085 1406 rina
1102 1345 1164 1436 ipgo
1183 1355 1215 1404 et

74 1435 158 1484 extra
183 1443 273 1502 ipsum
298 1421 493 1504 cognoscitur,
518 1421 601 1482 inane
624 1431 654 1480 et
673 1421 798 1482 ieiunum
818 1441 887 1482 ease.
928 1421 1026 1494 Quare
1044 1432 1077 1480 ut

73 1501 109 1560 in
132 1500 280 1580 Scriptura
302 1498 411 1579 optime
433 1497 573 1590 proficere
599 1497 707 1578 cupiet,
737 1517 849 1578 semper
872 1497 996 1558 intentus
1020 1497 1056 1557 sit
1079 1441 1113 1556 al
1137 1495 1214 1556 hunc

73 1595 205 1656 scopum.
244 1576 304 1636 lam
328 1593 400 1634 veru
419 1575 464 1634 hrc
484 1573 580 1654 priore
599 1573 666 1634 loco
690 1583 812 1633 mortem
832 1593 908 1634 suam
928 1583 958 1634 ct
976 1571 1215 1634 resurrectionem

73 1653 163 1733 ponit
173 1651 309 1726 Christus,
328 1650 430 1710 deinde
449 1648 573 1709 fructum
588 1647 637 1729 qui
658 1669 691 1710 ex
711 1661 827 1740 utraqu?
846 1649 930 1710 nohis
948 1647 1089 1785 prouenit.
1130 1647 1215 1707 Unde

1115 1437 1214 1500 rusque

74 1728 157 1866 {lim
183 1726 411 1865 mdepitgtztm
419 1725 562 1862 ¹1rppmppllu
563 1739 774 1877 ,l’efflmmd
793 1726 849 1878 τὲως
866 1727 930 1860 qupa
968 1742 1037 1817 omo
1059 1734 1141 1859 iffi
1159 1743 1216 1784 no-

124 1823 213 1864 reru
260 1823 277 1862 a
401 1823 418 1863 e
540 1821 608 1861 rro
696 1823 733 1860 m.
821 1821 903 1862 .u
954 1821 1066 1861 ererus
1171 1819 1216 1860 ra-

75 1880 149 1940 tium
174 1897 352 1962 resurgamus
382 1877 411 1938 in
444 1877 519 1939 ritae
547 1877 719 1938 nouitatem?
750 1846 815 1958 tha
843 1821 1093 1938 e’tiampsacrihoio
1116 1819 1216 1938 niuis

75 1957 141 2018 eiua
166 1955 274 2036 expiata
297 1965 363 2015 suut
385 1966 499 2035 precere
518 1965 629 2028 nostra,
655 1965 685 2014 et
704 1954 841 2036 sanguine
860 1953 971 2014 ablutae
989 1953 1098 2028 sordes,
1119 1971 1216 2013 resur-

75 2031 210 2170 rpetione
228 2049 299 2092 vero
319 2041 397 2166 pap-pa
416 2028 550 2165 iapidapin
574 2031 670 2164 „delii
688 2029 790 2164 ίςΙιΙιιυτιε
809 2031 839 2088 in
859 2041 959 2163 mort'e¹
973 2041 1072 2163 sppnplt
1089 2044 1217 2120 resurre-

76 2123 1218 2271 puppupnappsppmnfflrppipnmmaneo’eepapsgrpnpffioqlpemp'mpe‹ppia

75 2260 210 2326 ritualem
232 2260 329 2322 vitam.
368 2259 494 2338 ideoque
517 2257 622 2318 diserte
645 2259 823 2338 exprimetur,
848 2277 906 2318 uon
929 2277 1013 2338 posse
1040 2267 1098 2315 tam
1117 2254 1218 2317 rents,

77 2337 193 2398 aionem
217 2346 416 2430 peccatorum,
443 2355 526 2469 puam
544 2333 749 2424 poeniteptlam
770 2333 822 2393 nisi
841 2334 871 2392 in
891 2331 950 2394 elus
970 2332 1086 2392 nomine
1105 2331 1218 2414 praedi·

77 2413 157 2476 earir
180 2431 244 2492 qura
268 2431 323 2472 nec
344 2431 444 2492 speran
464 2431 479 2471 a
502 2421 545 2469 est
565 2410 646 2471 nohis
666 2409 787 2470 rustitiae
806 2407 970 2491 imputatio,
993 2427 1047 2468 uec
1066 2407 1218 2490 abnegatio

1 2551 2 2554 ,
76 2487 174 2550 nostri
197 2489 327 2567 vitaeque
352 2487 462 2548 novitas
485 2485 637 2567 contingit,
661 2486 714 2547 nisi
734 2497 870 2565 quatenus
889 2485 952 2567 lpse
971 2483 1060 2544 iactos
1077 2495 1120 2545 ort
1133 2483 1217 2546 nobis

76 2564 186 2626 iustitia
205 2576 236 2624 et
254 2563 448 2624 sanctificatio.
486 2562 579 2622 Porro
607 2562 670 2643 quia
695 2562 760 2622 aiibi
779 2562 896 2644 copiose
912 2559 1092 2622 mutavimus
1111 2559 1148 2620 de
1167 2558 1219 2621 hae

78 2639 230 2724 Evangelii
255 2659 376 2713 summa,
401 2639 485 2702 ratius
500 2649 550 2730 5⁵¹
574 2634 696 2700 lectores
712 2637 787 2730 'inde
809 2649 921 2726 petere,
946 2637 970 2699 si
993 2637 1059 2720 quid
1082 2636 1220 2698 memorie

80 2739 147 2780 m
160 2726 406 2856 iiimlrl’rihiirli
418 2725 775 2866 reBilbilinilrillhellirihro,
799 2802 854 2851 rto.
893 2791 979 2852 Nunc
1003 2788 1077 2851 clare
1104 2787 1219 2850 demum

80 2869 179 2952 aperit
198 2867 341 2942 Christus,
361 2886 418 2948 quo
456 2878 522 2927 ante
541 2864 693 2940 celaverat,
712 2865 914 2946 redemptionis
933 2885 949 2926 a
967 2886 998 2928 se
1017 2865 1112 2926 allatae
1131 2865 1220 2948 grati-

78 2967 130 3008 am
147 2945 337 3006 communiter
355 2945 390 3004 ad
408 2961 508 3004 omnes
527 2955 627 3024 gentes
645 2955 752 3024 patere.
781 2943 843 3006 Etsi
862 2943 937 3002 enim
957 2961 972 3002 a
989 2941 1140 3022 Prophetis
1159 2961 1220 3004 nou

78 3019 173 3084 semel
196 3021 338 3102 praedicta
365 3019 457 3081 iuerat
484 3018 622 3079 Gentium
646 3019 774 3094 vocatio,
797 3037 857 3079 non
880 3029 976 3090 tamen
1001 3019 1042 3079 sic
1063 3029 1122 3078 erat
1160 3029 1222 3079 ate·

80 3098 173 3173 iacta,
197 3108 230 3157 ut
252 3117 297 3158 ear
321 3095 404 3156 facile
421 3115 517 3156 recum
537 3095 718 3156 admitterent
737 3095 832 3155 iudaei
850 3095 880 3154 lo
899 3113 979 3176 spem
998 3093 1101 3155 salutis.
1140 3039 1221 3176 hrgo

80 3174 229 3255 usquead
249 3172 486 3232 resurrectionem
507 3189 568 3231 non
588 3171 643 3230 luit
662 3171 803 3244 Christus,
831 3169 885 3230 nisi
909 3169 992 3230 unius
1018 3168 1102 3230 electi
1123 3169 1222 3252 populi

82 3251 208 3314 creditur
227 3249 412 3329 Redemptor.
451 3249 491 3308 ttt
514 3256 584 3306 turre
602 3247 724 3328 primum
748 3245 841 3305 diruta
865 3243 921 3306 leit
945 3244 1079 3320 maceria,
1104 3257 1149 3319 ut,
1174 3245 1223 3325 qul

83 3326 212 3390 extranei
237 3336 267 3386 et
290 3325 367 3404 prius
391 3323 509 3406 dispersi
534 3321 660 3398 lucrant,
686 3323 715 3382 ln
739 3321 815 3382 ovile
840 3321 958 3384 Domini
986 3332 1220 3404 aggregarentur.

83 3403 208 3464 Interim
228 3414 340 3475 nmen,
364 3421 400 3462 ne
420 3399 528 3460 irritum
548 3399 638 3461 videri
657 3409 753 3482 posset
771 3397 828 3458 Ilei
848 3398 958 3473 foedus,
976 3395 1081 3458 locavit
1094 3397 1222 3460 curtetur

83 3479 207 3540 ludaeos
232 3479 261 3536 in
287 3477 383 3557 priora
405 3477 512 3613 prado,
536 3474 646 3536 initium
670 3474 731 3536 lieri
755 3473 931 3556 praecipiens
952 3473 989 3534 ah
1015 3471 1147 3534 llierosol
1168 3495 1221 3534 ma.

83 3557 162 3618 Nam
190 3553 255 3634 quia
306 3573 374 3613 enus
432 3551 535 3614 brahae
566 3551 744 3633 peculiariter
775 3553 955 3632 adoptaverat
984 3550 1074 3623 Deus,
1110 3571 1126 3610 r
1154 3569 1221 3630 mue

83 3631 195 3694 mundo
209 3573 347 3711 praeferri
362 3628 502 3708 oportuit:
524 3627 578 3688 hoc
595 3639 638 3690 est
657 3627 701 3688 ius
720 3627 969 3712 primogeniturae,
987 3626 1062 3706 quod
1083 3624 1136 3688 illis
1155 3627 1224 3687 assi·

83 3727 144 3846 tt·
147 3706 372 3858 ‘iiiiii’
391 3709 420 3856 i·
440 3702 935 3859 1¹it⁰⁰qtttttati⁰aiittt
937 3699 1162 3841 ‘mitti
1164 3721 1224 3839 “t·

85 3859 203 3998 “miii
222 3803 968 3994 qultlppbpptp'rpnpdp:tpppuptenppoppurnelmpptp.,d
1010 3928 1101 3990 rourul
1139 3800 1224 3992 ndhm

85 3979 276 4096 Evangelium
295 4007 420 4092 ablegat,
446 4009 495 4074 aed
515 4019 623 4078 unium
643 3978 791 4083 admouet,
814 4028 947 4090 quorsum
965 3953 1016 4067 eris
1034 3951 1225 4082 destiitirerit,

85 4099 123 4150 ut
142 4107 173 4148 re
193 4086 222 4146 in
245 4097 378 4165 tempore
397 4095 572 4166 comparent.
611 4085 717 4146 Partim
741 4105 810 4146 vero
836 4083 887 4143 hac
910 4081 1103 4144 consolatione
1125 4103 1225 4144 eorum

87 4163 231 4228 utrumn
250 4161 334 4236 lenit,
354 4160 455 4298 partim
474 4162 529 4222 hoc
548 4161 662 4225 stimulo
682 4161 801 4244 corrigit
820 4179 920 4222 eorum
938 4157 1087 4242 ignauiam.
1127 4158 1225 4233 Quum

87 4239 215 4309 recentis
233 4257 298 4302 suae
317 4239 353 4298 de
367 4235 485 4298 ectionis
505 4237 610 4300 conscii
629 4237 682 4300 sihi
697 4237 801 4313 iurent,
820 4235 934 4298 deiectis
946 4234 1045 4296 animis
1060 4253 1121 4296 esso
1137 4257 1226 4316 opor-

89 4313 156 4378 tuit.
194 4313 251 4375 ttic
271 4325 384 4396 praeter
403 4333 480 4392 spem
500 4311 657 4375 incredibili
675 4313 787 4375 honore
808 4333 858 4373 eos
879 4311 1008 4377 Christus
1026 4311 1166 4404 dignatur,
1184 4311 1228 4373 le-

88 4391 240 4480 ptim
267 4389 361 4455 obstr
389 4399 522 4456 autema
549 4388 607 4453 toti
635 4389 744 4456 mdo
773 4388 973 4474 publicandam
990 4387 1044 4454 iliis
1066 4387 1225 4472 rulaugser.
