2522 4852
169 277 208 338 5⁰
363 261 515 330 SECTIO
536 261 592 322 tu.
631 259 875 321 insusurrans
895 265 1124 317 srrsrmrra.

173 421 255 488 bunt
275 435 395 484 nomen
418 415 487 480 eius
507 407 692 476 humanuel.
735 403 837 492 Quod
859 407 975 494 siquis
996 405 1260 494 interpretemur

175 522 236 599 iet,
262 516 441 584 Nobiscum
462 511 564 578 Deus.
613 509 664 576 24.
691 509 855 574 Excitatus
880 527 960 572 vero
987 501 1107 591 loseph
1137 501 1260 590 asomn

176 622 253 689 iecit
270 622 352 686 sicut
374 617 403 681 ei
422 621 634 699 praeceperat
654 607 799 695 Angelus
819 608 968 686 Domini,
989 617 1021 671 et
1043 605 1207 689 assumpsit
1227 623 1260 670 ιιι

175 743 242 788 rem
265 741 369 786 suam:
410 715 461 780 25.
489 711 532 778 Et
551 733 618 778 non
641 711 793 797 cognovit
815 727 900 790 eam,
929 705 1036 772 donee
1056 707 1183 792 peperit
1202 703 1260 770 idid

175 841 266 888 sunm
288 817 550 906 primogenitum,
571 823 604 878 et
624 811 752 880 vocavit
773 828 893 876 nomeu
916 809 984 874 eius
1003 807 1116 872 Issou.
1259 781 1260 820 ¹

255 1023 301 1085 18.
339 1010 408 1074 Ieme
430 1009 537 1072 certes
553 1011 696 1071 amman.
739 1008 881 1070 Nondum
906 1009 1026 1091 exponit
1049 1005 1260 1078 Matthaeus,d

179 1107 230 1159 aut
249 1089 374 1176 qualiter
394 1101 478 1150 natus
498 1089 536 1149 sit
555 1087 707 1172 Christus,
730 1086 782 1146 sed
803 1086 954 1166 quomodo
980 1080 1116 1145 eoelestis
1135 1083 1196 1143 eiua
1234 1085 1260 1158 ed

181 1173 256 1234 ratio
277 1170 333 1252 ipsi
352 1167 462 1248 loseph
483 1185 547 1225 com
572 1175 634 1223 erta
655 1161 753 1222 fuerit.
792 1163 873 1224 Dicit
892 1163 1034 1243 primum,
1053 1162 1201 1220 inventam
1215 1102 1260 1220 init

179 1247 300 1310 Mariam
321 1242 468 1330 gravidam
489 1262 524 1302 ex
543 1187 654 1320 dptritu
674 1251 790 1300 sancto:
815 1259 877 1299 non
898 1237 978 1320 quod
998 1255 1132 1298 areanum
1157 1234 1260 1298 tttudlt

181 1347 255 1408 opus
274 1321 363 1402 reaigo
385 1331 487 1379 notum
508 1317 603 1392 soret,
629 1315 679 1376 sed
706 1335 772 1375 cum
794 1315 947 1376 hominum
967 1314 1072 1374 notitia
1092 1315 1195 1374 miscet
1214 1309 1260 1394 Spi

180 1415 226 1462 tus
240 1400 390 1471 virtutem,
411 1413 485 1477 quae
505 1393 600 1454 adhue
619 1391 738 1452 latebat.
777 1391 908 1472 Tempus
928 1401 1023 1462 notat,
1044 1390 1145 1466 Quum
1165 1387 1260 1471 despui

181 1487 258 1539 esset
275 1475 398 1556 Ioseph,
424 1471 502 1552 prius
522 1483 619 1531 tamen
641 1489 726 1550 quam
748 1468 952 1528 convenirent.
994 1468 1070 1526 Nam
1095 1467 1194 1546 quoad
1221 1461 1260 1606 Ἦ

181 1551 323 1634 coniugii,
342 1550 462 1609 simulac
481 1547 578 1628 puelia
598 1547 661 1607 viro
681 1545 823 1626 promissa
842 1555 914 1618 erat,
934 1542 1034 1603 iudaei
1054 1542 1145 1604 instar
1163 1543 1240 1626 iegiti

180 1631 278 1690 uxoris
298 1627 454 1686 habebant.
493 1623 596 1704 ltaque
617 1621 662 1681 ier
681 1620 818 1681 adulterii
838 1620 1008 1694 damnabat,
1054 1637 1108 1678 uae
1127 1609 1260 1699 sponsaiii

181 1705 341 1769 contractis
363 1703 524 1762 casu'tatem
543 1699 731 1760 violaverant.
770 1695 903 1756 Verbum
924 1712 983 1778 quo
1004 1639 1098 1756 utitur
1114 1695 1260 1778 Evangelii

180 1780 228 1846 vel
247 1779 436 1842 concubitum
448 1775 614 1836 verecunde
625 1783 720 1850 notat,
738 1773 786 1834 vel
805 1772 976 1854 simpliciter
987 1775 1047 1833 acci
1070 1773 1130 1832 itur
1146 1769 1260 1852 (correpti

181 1857 376 1932 convertisset)
394 1873 450 1936 pro
471 1851 556 1913 simui
576 1850 718 1928 habitare,
737 1859 770 1910 ut
790 1849 908 1910 domum
929 1861 960 1910 et
979 1793 1116 1910 iamiiiam
1136 1869 1222 1909 unam
1240 1843 1260 1908 ei

182 1936 263 1996 ciant
281 1931 400 1992 maritus
420 1943 450 1989 et
469 1950 551 1988 uxor,
590 1928 636 1988 lta
654 1946 754 1988 sensus
775 1926 841 2000 erit,
862 1926 994 1986 nondum
1013 1927 1156 2010 virginem
1175 1926 1246 1986 tradi

182 2009 272 2074 fuisse
291 2009 323 2068 iu
341 2027 459 2066 manum
479 2005 533 2068 viri
553 2026 568 2066 a
589 2003 773 2086 parentibus,
792 2001 844 2064 sed
864 2001 959 2064 adbuc
978 2001 1033 2064 sub
1054 2023 1157 2064 eorum
1178 2014 1253 2064 custo

180 2105 304 2228 miei.
346 2159 441 2245 Quam
458 2161 549 2220 taurus
566 2170 646 2216 esses.
690 2155 818 2232 Quidam
843 2157 1020 2240 interpretes
1045 2154 1226 2252 inteiligunt,

181 2259 212 2302 se
234 2237 271 2313 b,
298 2233 367 2298 ideo
389 2236 468 2316 quod
494 2235 585 2296 iustus
605 2243 694 2306 esset,
725 2233 850 2294 soluisse
868 2233 953 2294 uxori
973 2247 1108 2316 parcere:
1141 2245 1182 2296 tta
1202 2238 1251 2295 inst

181 2317 237 2378 ἰΙΙιι
258 2325 301 2375 est
319 2313 493 2386 humanitas,
512 2310 559 2371 vei
578 2309 742 2370 moderatio
763 2309 852 2369 animi
869 2312 903 2370 ad
916 2310 1102 2372 clementiam
1121 2307 1260 2394 propensii

182 2391 243 2454 Sed
263 2389 312 2452 alii
331 2392 455 2463 rectius,
474 2389 525 2469 qui
546 2387 617 2448 haec
637 2385 697 2447 duo
715 2387 846 2446 membra
866 2387 1045 2448 adversative
1064 2387 1185 2470 legunt,
1204 2381 1260 2524 imp

203 2469 300 2528 uidem
320 2467 406 2526 inisse
426 2463 550 2546 Ioseph,
579 2463 630 2523 sed
649 2473 749 2522 tamen
770 2463 807 2522 de
827 2465 901 2524 fama
921 2465 1018 2524 uxoris
1037 2463 1125 2525 tuisse
1144 2465 1244 2525 soiiieit

180 2489 313 2604 broinde
333 2541 455 2616 iustitia,
476 2559 551 2620 quae
572 2539 619 2599 hic
637 2537 785 2614 laudatur,
811 2540 841 2599 iu
862 2539 931 2600 odio
953 2553 983 2600 et
1002 2541 1200 2602 detestatione
1217 2531 1260 2604 sesi

182 2624 221 2680 ris
243 2619 305 2678 tuit
346 2615 425 2692 Quia
443 2627 607 2698 suQectam
626 2613 763 2674 adulterii
784 2615 909 2676 habebat
928 2635 1059 2692 uxorem,
1077 2617 1137 2678 imo
1147 2617 1254 2679 adulter

181 2703 525 2832 tt‘ntttttttttt
543 2690 615 2828 dii
634 2689 1244 2831 {5²²¹OE„iiiiii‘iiiiifiiriiitil

183 2848 278 2908 nivet:
303 2865 359 2905 nec
383 2855 494 2904 tantum
521 2865 536 2905 a
560 2843 613 2904 tali
632 2789 745 2926 flagitiis
765 2789 928 2906 abhorrent
948 2791 1097 2928 ingenite
1118 2857 1148 2906 et
1168 2813 1253 2907 bones

182 2935 306 2995 mentes,
325 2921 376 2981 sed
396 2921 474 2980 iliam
508 2941 572 2982 uam
593 2919 650 2979 dixi
669 2921 835 2981 socordiam
856 2920 935 3004 leges
953 2933 1059 2984 notam
1073 2923 1202 2986 infamia.
1225 2924 1245 2980 E

182 2998 292 3078 Ioseph
311 2996 436 3057 iustitiae
454 2942 520 3057 acio
542 2996 622 3077 quod
638 2995 762 3089 putabat
782 3016 843 3057 esse
863 2997 894 3056 in
915 3019 1006 3059 uxore
1026 3000 1135 3060 crimen
1149 3001 1246 3060 damna

180 3075 295 3134 interea
314 3073 451 3154 proclivis
471 3073 506 3132 ad
526 3072 737 3132 humanitatem
757 3073 868 3134 animus
880 3074 1026 3151 obstabat,
1048 3095 1085 3135 ne
1103 3097 1218 3136 summo
1237 3077 1258 3133 iu

180 3150 314 3286 riqorea
338 3155 409 3208 eret
454 3147 552 3210 Media
570 3147 620 3208 iiia
641 3161 703 3209 erat
723 3159 754 3208 et
772 3149 864 3232 magis
884 3161 1045 3232 temperata
1065 3151 1158 3226 ratio,
1184 3154 1208 3212 si
1226 3151 1247 3210 ci

180 3248 216 3290 cu
231 3249 278 3288 om
298 3225 450 3288 descedens
468 3224 526 3286 aiio
544 3226 695 3308 migraret.
736 3226 821 3286 Unde
836 3226 1014 3310 colligimus,
1035 3248 1096 3290 nen
1116 3229 1156 3290 ita
1177 3226 1252 3290 motii

180 3301 353 3364 effeminato
374 3302 582 3378 suisseanirno,
601 3313 634 3362 ut
648 3299 865 3363 misericordiae
884 3317 1035 3386 praetextu
1047 3305 1158 3366 crimen
1180 3318 1258 3388 tegen

180 3379 287 3438 aleret:
319 3388 432 3438 tantum
463 3377 573 3460 aliquid
596 3377 708 3438 remisit
735 3398 768 3438 ex
785 3401 900 3442 summo
921 3383 1000 3456 iure,
1032 3400 1069 3440 ne
1088 3395 1254 3442 uxoremtu

75 3451 84 3462 ⁸
179 3454 288 3514 iudicio
315 3463 484 3532 exponeret
528 3455 591 3515 Nee
616 3475 686 3514 vero
707 3453 829 3516 dubium
849 3455 935 3518 nobis
957 3475 1018 3518 esse
1037 3452 1144 3533 debet,
1171 3459 1238 3540 quic

180 3549 255 3592 cano
266 3529 395 3610 Spiritus
412 3530 553 3591 instinctu
572 3541 705 3592 retentus
725 3532 817 3592 suerit
836 3533 896 3596 eius
916 3535 1037 3596 animus.
1076 3534 1203 3608 Scimus,
1221 3555 1254 3614 qu

179 3607 327 3687 impotens
345 3605 383 3666 sit
402 3607 561 3699 zelotypia,
580 3619 610 3668 et
628 3629 713 3688 quam
725 3607 873 3670 violenter
891 3610 1040 3670 hominem
1055 3609 1197 3692 abripiat:
1218 3633 1250 3702 qu

178 3681 290 3742 etiamsi
311 3681 395 3742 nimis
415 3685 605 3776 praecipitem
624 3685 764 3764 impetum
786 3685 977 3748 continuisset
995 3687 1114 3768 Ioseph,
1134 3687 1255 3749 mirabrii

178 3769 276 3816 tamen
302 3777 457 3818 occursum
481 3759 536 3818 inst
560 3760 645 3820 variis
691 3761 824 3838 cristulis,
854 3782 930 3844 qnae
949 3763 1112 3839 instabant,
1137 3781 1258 3846 quumr

177 3833 311 3894 vertendi
330 3833 486 3894 consilium
510 3836 598 3916 cepit.
641 3834 657 3893 1
678 3857 724 3896 em
750 3849 781 3897 et
800 3841 837 3899 de
859 3838 979 3901 silentio
999 3840 1109 3900 Mariae
1131 3839 1246 3904 iudico:

177 3907 290 3985 demus,
308 3911 422 3990 pudore
443 3910 530 3970 inisse
544 3911 713 3988 cohibitam,
733 3933 771 3974 ne
790 3920 894 3977 marito
907 3916 1033 3998 prodere
1047 3917 1182 3995 auderet,
1200 3938 1229 3979 se

175 3983 270 4048 vidam
292 4006 354 4046 esse
375 4007 408 4046 er
429 3983 450 4046 S
474 3986 551 4062 iritu,
571 3987 628 4048 Dei
648 4001 745 4050 tamen
768 3993 953 4072 providentia
972 3996 1061 4076 magis
1077 4016 1164 4074 quam
1186 4017 1255 4076 prop

178 4059 302 4122 consitio
323 4071 437 4122 retenta
452 4008 528 4123 iuis:
558 4082 624 4124 nam
649 4067 673 4126 si
697 4067 820 4127 verbum
845 4069 978 4144 fecisset,
1007 4083 1042 4130 ut
1059 4087 1107 4130 res
1129 4083 1209 4144 erat,
1238 4091 1254 4148 p

177 4157 264 4218 quam
296 4137 479 4198 incredibilis
505 4151 633 4219 putasset
652 4143 776 4222 Ioseph,
807 4165 840 4204 ae
872 4146 1001 4206 ludibrio
1025 4146 1139 4208 uetari.
1179 4147 1247 4206 Idu

177 4215 307 4276 omnium
327 4216 387 4274 risu
409 4227 456 4274 tan
480 4239 546 4277 uam
566 4216 731 4280 fabulosum
745 4233 898 4304 exceptum
918 4223 1014 4284 soret:
1034 4243 1172 4284 necvero
1193 4234 1250 4282 taut

181 4290 282 4352 suisset
299 4292 443 4352 momenti
459 4237 563 4356 divino
590 4293 726 4369 oraculo,
746 4298 769 4354 si
794 4309 896 4378 postca
920 4311 1075 4378 sequutum
1096 4313 1183 4360 esset.
1221 4299 1258 4358 tr

179 4387 277 4445 passm
296 4368 515 4444 estDominus,
533 4386 649 4434 servum
668 4391 753 4431 suum
773 4373 880 4454 loseph
899 4375 1069 4458 ignorantia
1087 4377 1164 4437 trahi
1185 4377 1215 4435 in
1236 4397 1251 4454 p
