2524 4856
436 265 562 313 cuman
580 251 762 316 vnalcmru.
1113 251 1171 316 207

10 398 184 482 Evangelii
193 399 308 462 exordia
319 417 350 461 se
360 399 490 464 Christos
510 420 571 464 esse
590 399 701 464 mentiti
719 411 798 462 sunt:
818 419 895 464 nnnc
912 400 1172 466 verosnlrindelal-

7 499 63 540 sos
87 480 234 538 doctores
253 475 413 538 esurituros
432 477 588 551 denuntiat,
608 475 656 556 qai
674 498 768 539 sanam
778 475 937 537 doctrinam
951 477 1094 539 erroribus
1105 500 1171 540 cor·

9 565 193 692 iiiiii
206 553 557 690 ttllj‘lllt'lrltll
568 554 727 690 llllll
739 553 907 766 ‘leigii
925 553 1170 713 ltl‘ssltrlll

219 660 232 685 l·
729 653 747 710 g
1149 707 1157 722 ο

10 707 131 782 Quare
158 725 219 766 non
251 715 294 796 est
313 704 388 785 quod
409 726 520 766 errores
540 717 572 766 et
589 705 730 794 quaelilret
747 703 852 795 diabo'·
870 705 991 796 fallacise
1010 705 1171 796 acpietatta

7 781 213 931 simil?
230 801 290 917 tt?
307 780 716 936 tiltll‘lttl‘lnll}
737 802 873 918 illl
894 781 1170 922 lllttt‘lltt

8 939 98 996 Nam
128 933 203 994 haec
225 932 338 994 demum
362 955 429 994 vera
449 945 493 994 est
510 933 575 994 fidei
595 945 708 996 nostrae
727 933 872 1013 probatio,
900 934 967 994 dum
991 935 1171 1016 surgentibus

8 1011 103 1072 salsis
123 1008 263 1070 doctrinis
282 1010 398 1070 minime
417 1009 558 1071 obruitur.
596 1011 697 1101 Neque
715 1023 824 1072 tantum
841 1021 976 1072 venturos
991 1012 1171 1092 pseudopro-

8 1090 131 1168 plsetaa
150 1084 231 1162 dicit,
248 1085 298 1146 sed
318 1085 429 1146 fallendi
486 1106 560 1166 oque
578 1098 679 1148 astutia
697 1085 839 1165 praeditos
859 1084 931 1161 sore,
951 1099 983 1148 ut
1001 1099 1089 1150 sectas
1105 1098 1170 1168 post

7 1187 44 1224 se
80 1163 214 1222 trahant.
261 1162 312 1222 Est
337 1175 431 1222 autem
471 1163 497 1224 ic
516 1183 588 1242 opus
608 1183 669 1222 uon
688 1160 797 1241 vulgari
815 1161 960 1222 cautione:
990 1163 1054 1242 quia
1072 1162 1168 1224 multi-

9 1241 96 1300 tudo
124 1237 298 1312 errantium,
324 1258 385 1298 non
409 1259 491 1300 secus
514 1259 547 1298 ac
566 1237 689 1298 violenta
715 1237 852 1317 procella,
884 1259 995 1300 cursum
1019 1239 1169 1302 rellrctere

7 1313 268 1450 nosuicdogjg,tuisi
287 1316 400 1448 petulius
419 1315 450 1374 in
468 1315 534 1376 Deo
553 1314 638 1376 simus
657 1314 751 1374 delixi.
809 1313 876 1389 Qua
894 1315 930 1375 de
950 1335 984 1376 re
1002 1315 1086 1396 paulo
1102 1327 1181 1378 anto·

214 1411 263 1448 um
281 1410 311 1450 es

5 1393 73 1472 ὡς
105 1467 160 1529 l?-
185 1413 356 1544 Coroniam
375 1465 539 1526 abundabit
559 1467 717 1544 iniquitas.
768 1465 864 1540 Quam
884 1461 971 1558 longe
990 1463 1101 1546 lateque
1118 1488 1169 1546 pa-

6 1555 81 1606 teat
114 1541 178 1604 hoc
200 1539 319 1615 malum,
352 1543 495 1602 neminem
519 1540 605 1602 latere
631 1542 731 1616 debet,
759 1541 807 1600 sed
829 1541 989 1622 paucissimi
1007 1541 1168 1604 observant.

6 1625 99 1684 Nam
122 1617 192 1698 quia
209 1616 273 1688 loce
289 1617 434 1700 Evangelii
454 1616 555 1679 clarius
574 1618 717 1700 detegitur
739 1616 886 1678 hominum
904 1616 1017 1692 malitia,
1037 1617 1120 1680 etiam
1139 1619 1168 1678 iu
1193 1629 1196 1636 ’

7 1694 127 1778 probis
156 1706 188 1756 et
211 1705 290 1754 recte
311 1694 438 1754 animatis
457 1694 612 1776 languescit
631 1714 663 1756 ae
684 1693 743 1754 sere
762 1692 948 1774 exstinguitur
966 1694 1170 1756 beneficentiae

6 1773 167 1834 studium.
204 1771 246 1830 lta
264 1770 339 1830 enim
358 1770 475 1849 quisque
494 1789 590 1830 secum
609 1781 729 1849 reputat,
748 1769 841 1849 perire
862 1769 955 1834 olficia
973 1770 1170 1849 quaeiuhuue

8 1849 63 1912 vel
89 1847 178 1906 illum
197 1844 359 1921 conferunt,
378 1867 465 1925 qaum
484 1866 584 1934 omnes
604 1845 665 1906 lere
684 1846 820 1928 ingratos,
844 1843 890 1906 vel
910 1847 1032 1924 perfidos
1050 1845 1095 1908 vel
1114 1846 1169 1906 im-

10 1925 142 2006 probos
169 1921 339 2002 experientia
363 1934 392 1982 et
434 1921 593 1982 uotirlranus
617 1943 683 1982 usus
707 1921 845 1982 ostendat.
904 1923 1007 1986 Gravis
1036 1935 1114 1985 certe
1138 1933 1170 1984 et

53 1997 194 2062 riculosa
212 1998 342 2086 tentatio:
362 1943 433 2088 quil
448 1997 523 2056 enim
543 1998 632 2080 magis
651 1999 800 2058 absurdum
821 2020 904 2077 quarn
923 1999 1078 2062 doctrinam
1099 2019 1169 2080 pro-

54 2097 114 2148 re,
170 2095 221 2134 uae
244 2073 393 2154 probitatis
415 2073 535 2134 studium
555 2085 585 2134 et
604 2073 724 2133 caritatis
744 2074 872 2156 vigorem
892 2075 1021 2136 minuere
1040 2073 1169 2136 videtur?

9 2151 119 2231 Atqui
141 2171 163 2209 u
184 2150 192 2209 i
209 2151 324 2210 emerit
344 2149 543 2232 Evangelium,
565 2149 677 2222 caritas,
697 2150 776 2210 cuius
795 2152 898 2212 ardore
917 2150 1034 2212 accendi
1052 2149 1170 2210 decebat

8 2227 163 2290 omniurn
182 2227 278 2299 corda,
297 2225 394 2305 potius
411 2224 579 2305 refrigescit.
618 2225 676 2284 Sed
696 2223 760 2285 lons
780 2225 862 2287 huius
880 2226 959 2300 mali,
979 2248 1062 2305 qrrem
1084 2223 1170 2285 Clui-

8 2321 83 2368 stus
105 2302 248 2383 designat,
268 2302 419 2362 notandus:
443 2303 547 2362 multos
566 2299 672 2362 scilicet
691 2301 754 2360 ileo
774 2299 917 2378 fatiscere,
936 2302 1000 2382 quia
1018 2301 1169 2381 iniquitatis

7 2379 137 2442 diluvio
160 2377 249 2470 (guod
267 2377 524 2471 passim-exundat)
544 2397 598 2458 pro
617 2397 665 2436 sua
685 2376 845 2438 infirmitate
862 2378 1057 2438 succumbunt.
1086 2379 1169 2437 llanc

6 2477 101 2520 vero
122 2451 319 2516 fotitudinem
338 2451 429 2514 andis
449 2453 580 2514 Christus
597 2451 732 2532 requirit,
756 2464 789 2513 ut
808 2465 908 2515 contra
925 2449 1059 2515 luctando
1078 2451 1170 2534 persi-

5 2543 115 2596 stant.
159 2529 406 2605 Quemadmodum
426 2541 456 2590 et
476 2527 578 2590 Paulus
597 2529 744 2610 praecipit,
763 2551 801 2591 ne
819 2529 944 2612 benigne
964 2539 993 2590 et
1012 2529 1171 2591 humaniter

6 2631 77 2672 nos
103 2607 236 2690 gerendo
255 2603 405 2688 fatigemur
438 2607 477 2666 ll.
496 2604 596 2666 Thess.
615 2605 644 2678 3,
661 2606 733 2680 la).
791 2605 929 2682 Quamvis
948 2625 1018 2687 ergo
1037 2605 1170 2684 iniquita·

6 2699 89 2748 eum
115 2680 196 2743 rnole
215 2701 355 2762 oppressa
377 2693 533 2756 mutorum
555 2678 653 2740 caritas
677 2680 802 2758 deficiat,
831 2684 886 2744 lroc
903 2702 961 2762 quo
982 2703 1018 2743 ne
1037 2682 1170 2742 obstacu-

4 2765 85 2823 lnrn
113 2759 305 2838 superandum
330 2777 392 2820 esse
416 2759 552 2818 admouet
577 2756 722 2832 Christus,
753 2777 790 2817 ne
813 2757 908 2820 fideles
931 2703 1011 2819 milis
1034 2755 1169 2836 exemplis

4 2835 118 2902 fracti
145 2835 278 2896 resiliant.
336 2836 406 2898 Ideo
431 2832 601 2896 sententiam
621 2833 693 2892 illam
715 2832 832 2915 repetit,
850 2834 995 2896 neminem
1013 2855 1096 2916 posse
1114 2832 1171 2914 aal7

2 2935 98 2976 vum
125 2911 262 2986 eradere,
294 2909 349 2972 nisi
373 2909 571 3030 ‘luigl‘ssffim
595 2909 759 2986 converit,
784 2911 871 2974 utin
890 2911 976 2972 linem
994 2933 1084 2992 usque
1102 2931 1170 2992 per·

26 2998 157 3052 everel-
423 3029 444 3051 u

108 3066 160 3126 lt.
201 3061 433 3124 Praedicudr'tur
461 3057 516 3122 lor
544 3058 741 3142 danageldum
770 3065 865 3144 regni.
924 3059 1002 3136 Quia
1028 3059 1171 3124 numium

31 3139 208 3206 ontionem
228 3139 370 3213 habuerat,
389 3152 461 3218 qun
479 3155 554 3200 non*
580 3159 675 3213 arvam
694 3137 826 3198 tristitiae
836 3137 981 3198 maternus
993 3148 1170 3220 suggereret,

16 3251 25 3271 ·
45 3227 202 3300 portune
220 3213 367 3279 subiicitur
385 3215 454 3275 haec
474 3235 564 3278 conso
604 3213 648 3288 ⁸0,
673 3233 745 3295 quae
765 3214 809 3275 vel
828 3211 964 3304 collapsos
984 3214 1094 3273 animos
1113 3210 1171 3271 eri·

1 3307 94 3380 gat,
118 3290 168 3352 vel
187 3289 313 3352 labentes
333 3291 495 3352 consumet:
530 3311 647 3370 nempe,
671 3289 803 3369 quicquid
824 3289 1001 3349 machrnetur
1019 3290 1122 3362 Satan,
1142 3297 1172 3348 et

44 3402 49 3423 .
83 3368 213 3429 nurum
231 3365 397 3446 multiplices
417 3368 513 3428 turbas
529 3367 650 3449 ingerat,
669 3386 844 3426 emersurum
861 3376 956 3426 tamen
976 3362 1171 3457 Evangelirun,

10 3465 127 3510 onec
149 3463 200 3524 per
220 3455 313 3504 totum
332 3444 432 3512 orbem
451 3455 606 3528 spargatur.
647 3443 816 3522 Quanquam
834 3451 928 3502 autem
939 3439 1103 3503 increditus
1114 3438 1171 3502 hoe

52 3535 102 3595 at,
124 3519 254 3598 oportuit
273 3531 367 3582 tamen
382 3517 623 3600 apostol-anton
641 3519 765 3600 magistri
784 3517 950 3581 testimonio
969 3516 1068 3591 l'retos,
1088 3535 1172 3598 prae÷

1 3617 71 3662 ter
105 3615 188 3678 spem
214 3597 288 3656 bene
312 3615 439 3677 sperare,
471 3607 501 3654 et
528 3597 637 3656 interea
667 3594 779 3654 sortirer
808 3594 879 3654 eniti
904 3592 939 3654 ad
962 3592 1171 3674 exsequendum

134 3693 248 3732 munus.
288 3672 376 3747 Quod
395 3671 556 3753 Antipodas
575 3671 685 3751 quidam
704 3670 852 3744 obiiciunt,
872 3669 986 3732 elalius
1005 3667 1106 3751 procul
1125 3688 1173 3732 ree

37 3763 130 3812 otus
150 3747 281 3842 populos,
300 3749 334 3808 ad
355 3769 426 3828 quos
446 3769 483 3808 ue
503 3746 596 3810 tenuis
615 3748 729 3828 quidem
749 3747 857 3808 Christi
877 3746 1172 3824 famahactenuspm

24 3825 130 3900 'errit,
158 3827 239 3886 husus
263 3824 330 3885 norli
349 3823 438 3886 facilis
458 3835 500 3886 est
517 3823 635 3886 solutio:
661 3845 753 3903 neque
778 3824 853 3884 enim
872 3823 917 3884 vel
935 3821 1056 3906 singulas
1075 3819 1173 3880 muudi

2 3907 130 3990 plagas
150 3899 312 3982 specialiter
329 3900 458 3983 designat
477 3900 616 3973 Christus,
636 3919 690 3959 nec
711 3912 818 3960 certum
837 3910 951 3991 tempus
967 3897 1104 3986 praefigit,
1122 3895 1173 3956 seul

53 3993 147 4040 ntum
166 3978 300 4052 allirruat,
329 3977 515 4060 Evangelinm
536 3977 549 4054 (
576 3976 665 4036 noda
685 3973 787 4036 Iudaca
805 3995 924 4068 proprio
944 3974 1086 4034 domicillo
1106 3993 1173 4030 mox

4 4053 285 4146 exterminandum
305 4073 404 4114 omnes
424 3998 582 4144 putamen&
603 4072 690 4130 usque
709 4051 876 4145 aduultrmoa
894 4049 972 4140 orbis
990 4061 1083 4110 terrae
1103 4047 1173 4107 lines

17 4129 530 4282 :materialitate
550 4127 1031 4286 tltesslzrltllagllta
1059 4141 1173 4277 liiii?

17 4307 119 4346 -rram
146 4283 224 4346 enirn
252 4304 396 4362 nunquam
421 4279 569 4353 ripa'pmpor
593 4301 624 4343 se
649 4279 763 4362 reliquit
786 4281 879 4353 Deus,
901 4299 934 4340 ac
953 4299 966 4338 s
988 4275 1066 4338 eciali
1086 4273 1173 4336 modo

41 4361 147 4424 iudaeis
165 4360 203 4422 de
221 4379 253 4422 se
273 4370 392 4423 testatus
411 4370 468 4439 est,
486 4361 542 4423 hoc
564 4370 659 4421 tamen
677 4379 744 4440 prae
762 4357 822 4420 aliia
841 4376 936 4419 memo
988 4353 1026 4416 ile
1043 4353 1174 4416 testimo-
