2500 4852
258 260 339 337 (lffi.
380 263 429 326 lle
446 273 568 348 argento
588 263 676 327 serris
696 262 830 343 credito.)
932 258 938 274 ‘
1055 269 1111 332 191

21 411 78 489 tit
96 431 161 506 ogs
174 411 225 476 unt
242 413 315 490 mn,
381 413 420 477 oa
439 414 635 508 pstoumaas
654 413 758 480 atsur
775 416 893 500 stngutts
911 415 973 502 pm
991 416 1038 480 vet
1055 419 1111 480 mr.

19 511 57 550 aar
71 502 238 568 comunttere,
255 513 286 553 se
359 513 408 553 um
427 513 564 574 cuiusque
582 492 760 555 facultatem?
811 497 924 588 Nempe
942 495 1006 576 quia
1021 495 1111 572 Deus,

19 576 81 646 prout
96 585 222 658 quemque
240 567 374 650 disposuit
407 579 438 630 et
457 567 630 630 naturalibus
649 569 762 631 ornavit
780 569 875 646 donis,
894 583 932 632 tta
952 571 1035 632 etiam
1054 571 1110 632 boc

19 641 49 700 rel
66 639 121 701 illud
143 643 273 726 inungit,
298 643 326 704 io
346 611 431 706 rebus
449 645 565 729 agendis
584 656 712 720 exereret,
736 647 868 728 provebit
885 647 919 709 ad
934 648 1024 708 varias
1044 647 1110 707 iuo-

20 717 105 792 tu'ones,
122 720 257 780 materiam
276 720 419 802 praeclare
435 721 538 803 agendi
552 743 584 783 su
605 721 720 802 peditat,
739 723 918 785 occasionem
938 724 1020 783 etiam
1038 743 1109 805 pro-

18 794 81 927 ppp't
112 793 224 856 llidiculi
242 815 312 857 vero
331 808 398 857 sunt
416 796 552 875 Papistae,
591 817 638 856 um
658 797 724 860 binc
744 798 880 881 colligunt
902 799 1017 882 singulis
1037 820 1109 861 con-

59 869 126 930 ’llci
146 873 216 932 dona
241 873 396 933 secumdum
414 873 509 935 meriti
528 871 571 932 sui
589 874 714 934 modum.
753 875 826 934 Nam
847 873 899 936 etsi
918 888 998 937 vetus
1018 876 1108 935 iuter-

19 963 166 1082 l²⁵rli⁰i¹¹en
183 947 1107 1088 ttdutttdttdllttts'’tttt‘mftitttltl

19 1105 72 1180 tenus
85 1043 192 1161 tto‘iibi
243 1047 563 1164 terlamiliasiudicavit.
592 1101 702 1162 Scimus
720 1068 824 1177 autem’,
844 1103 986 1164 neminem
1006 1124 1022 1164 a
1071 1121 1107 1164 eo

18 1171 113 1233 titutum
135 1177 249 1256 repenri
271 1178 365 1237 donec
388 1175 497 1238 lecerit.
547 1177 585 1236 Et
607 1195 742 1260 graecum
766 1197 873 1239 nomeu
897 1184 1017 1259 δύναμις,
1048 1196 1106 1261 quo

18 1265 60 1307 uu
72 1259 106 1308 est
124 1250 258 1327 Cbristus,
278 1252 356 1312 omni
375 1251 558 1336 ambiguitate
576 1265 663 1313 caret.
1056 1277 1062 1284 ·

65 1326 103 1386 tt
138 1328 196 1405 {lui
213 1333 346 1408 putoque
362 1332 489 1390 talento.
529 1327 672 1389 Dicuntur
689 1329 839 1414 negotiari,
859 1331 907 1412 qui
923 1330 1032 1394 utiliter
1050 1331 1107 1393 im-

18 1399 108 1492 pendunt
128 1404 256 1485 quicquid
274 1408 353 1468 Deus
376 1405 449 1488 apud
468 1405 544 1486 ipsos
562 1404 700 1496 deposuit.
744 1404 862 1467 Piorum
882 1407 957 1468 enim
976 1411 1034 1470 rita
1052 1429 1106 1471 ne-

18 1479 129 1562 potationi
145 1491 207 1560 apte
225 1481 382 1556 confertur,
402 1481 466 1574 quia
484 1481 563 1574 ultro
580 1491 710 1560 cttroque
728 1481 763 1541 ad
778 1480 927 1574 fovendam
940 1485 1107 1578 societatem

17 1555 1107 1724 dtatnfflfflbtal?l‘tttlttttjbtttdttt'⁵:¹35.thtl}

17 1721 50 1778 qu
62 1705 123 1766 dona
138 1707 166 1768 in
184 1709 326 1771 mercibus
345 1653 529 1790 tieiiutautur,
554 1729 618 1790 qma
637 1709 671 1768 ad
690 1708 766 1772 bunc
784 1731 867 1770 usum
888 1723 917 1774 ct
935 1713 1023 1773 finem
1040 1733 1105 1794 spe-

18 1789 72 1852 tunt,
87 1794 115 1843 nt
129 1796 220 1846 mutua
239 1785 277 1846 sit
296 1785 371 1848 inter
392 1785 520 1846 bomiues
539 1785 767 1846 communicatio.
795 1786 916 1850 Fructus
932 1799 1035 1863 sutem,
1055 1809 1106 1849 cu-

18 1851 165 1920 iuuentute
188 1861 333 1937 Christus,
359 1861 517 1922 communis
537 1872 580 1923 est
597 1860 713 1937 utilitas,
737 1881 808 1942 quae
830 1865 884 1924 Dei
903 1862 1021 1948 gloriam
1040 1863 1105 1926 illu-

17 1939 66 1990 Μ
96 1933 256 2028 Quanquam
278 1939 353 2030 enim
375 1940 567 2030 Deusopera⁸
580 1949 676 1998 nostra
695 1957 756 2000 non
776 1939 893 2032 (litatur,
918 1961 973 2032 nec
993 1941 1104 2018 crescit,

16 2014 1105 2170 ldtttftttltt'btettottttttt‘ltt.fttlttttttt‘tt

17 2157 43 2214 rtl
56 2158 144 2224 lucrum
162 2165 214 2246 ipsi
232 2167 301 2228 Deo
320 2187 335 2225 a
361 2187 434 2227 erre.
476 2166 562 2226 Tanti
582 2166 657 2226 enim
676 2164 824 2225 homiuum
843 2166 959 2227 salutent
977 2169 1104 2230 aestimat

16 2233 107 2300 coelestis
127 2242 221 2318 Pater,
251 2253 285 2303 ut
308 2241 440 2324 quicquid
464 2243 493 2302 in
518 2263 578 2305 eam
598 2241 747 2302 confertur
765 2241 795 2302 in
814 2263 876 2304 suas
894 2242 1018 2304 rationes
1036 2243 1106 2306 velit

16 2308 91 2398 meri.
122 2317 211 2380 Porro
229 2339 269 2380 ne
289 2317 338 2380 fat·
359 2341 440 2380 emnr
457 2319 533 2380 bene
551 2318 678 2401 agendo,
699 2317 865 2398 pronuntiat
886 2315 1024 2394 Christus,
1043 2341 1104 2380 non

16 2399 91 2450 tntum
110 2392 167 2455 lore
191 2415 294 2456 eorum
318 2394 325 2453 l
362 2417 457 2469 orem,
480 2395 529 2475 qui
549 2413 579 2456 se
599 2393 716 2456 fideliter
734 2395 764 2454 iu
783 2415 832 2454 sue
851 2394 1002 2456 vocatione
1021 2415 1104 2458 exer-

16 2461 96 2548 fflfss’nl·
129 2471 210 2551 dpud
233 2475 351 2532 Lucum
373 2471 443 2532 dicit
465 2471 577 2551 praefici
601 2470 724 2550 quinque
746 2469 877 2546 urbibus,
905 2471 954 2552 qui
979 2471 1045 2554 quin
1067 2493 1103 2536 ue

16 2553 73 2623 {tuo
88 2542 196 2608 lucratus
212 2549 262 2610 sit:
282 2547 383 2628 quibus
402 2549 496 2608 verbis
518 2546 649 2627 exprimit
667 2545 753 2628 longe
772 2546 852 2606 uliam
876 2547 957 2628 regni
976 2547 1018 2607 sui
1037 2495 1103 2630 glo·

15 2630 59 2672 ¹²1¹
77 2617 131 2682 lore
150 2623 250 2684 ultimo
276 2625 415 2699 aduentu,
438 2641 520 2704 qnam
544 2643 621 2683 uunc
639 2633 779 2704 appareat.
836 2624 920 2684 Nunc
941 2623 1016 2684 enim
1038 2637 1103 2684 tan-

81 2695 191 2778 absentis
210 2698 328 2783 negotia
346 2699 490 2763 laboriose
508 2719 651 2760 curamus:
674 2713 743 2760 tunc
762 2719 832 2762 vero
852 2699 943 2780 ampla
963 2713 994 2760 et
1006 2700 1102 2762 multi-

31 2787 53 2824 τι
67 2767 191 2836 bonorum
211 2777 294 2858 copia
315 2777 340 2836 ei
359 2776 393 2837 ad
412 2796 526 2836 manum
546 2785 685 2856 suppetet,
706 2796 760 2854 qua
778 2773 926 2858 magnifice
945 2797 999 2838 nos
1020 2798 1103 2838 exor-

14 2853 50 2898 tet
78 2847 227 2930 Simplicior
248 2865 292 2914 est
309 2851 443 2932 loquendi
464 2851 554 2912 forma
572 2868 587 2910 a
608 2850 645 2911 ud
664 2851 846 2928 blattbueum,
865 2853 953 2911 Intro
973 2857 1004 2912 in
1022 2873 1103 2934 guu-

12 2913 189 3012 lltmstnms'ut
206 2933 273 2988 tui.-
304 2949 357 3022 pua
376 2927 515 3010 significat
533 2873 627 2988 fideles
645 2947 756 3002 servos,
779 2947 901 3008 quorum
921 2927 1013 2990 ollicia
1033 2949 1102 3006 pro⁴

12 2987 97 3074 burt,
118 3001 212 3068 beatae
236 3025 367 3068 omnium
390 3005 534 3066 bonorum
557 3003 719 3067 sumenda
742 3023 837 3071 secum
862 3004 926 3066 lore
944 3017 1101 3074 consortes.

12 3065 48 3127 lbi
62 3079 193 3157 quaeritur,
233 3079 282 3140 uid
301 3081 354 3142 sibi
373 3081 441 3142 velit
460 3081 536 3162 quod
554 3079 671 3154 additur,
697 3081 825 3156 Auferte
842 3081 913 3138 duic
930 3084 1050 3150 minum,
1071 3091 1101 3142 et

12 3143 58 3206 lule
71 3155 149 3216 olterl
172 3103 230 3237 qui
245 3161 344 3217 decem
363 3158 468 3218 dubet:
502 3177 565 3216 narn
590 3167 657 3215 tunc
681 3156 801 3216 cessabit
823 3155 914 3215 omnis
937 3156 1102 3238 negotiandi

12 3221 65 3282 ¹²⁶⁰·
93 3231 270 3314 despondeo,
291 3234 425 3296 monoria
444 3234 599 3294 tenendum
619 3249 689 3304 esse,
708 3231 784 3310 quod
804 3233 880 3311 prius
893 3231 1035 3305 admonui,
1054 3251 1101 3292 cr-

12 3313 51 3356 nse
67 3321 108 3366 eos
129 3309 176 3390 qui
197 3311 363 3402 scmpulose
384 3309 502 3400 singulis
524 3307 665 3392 particulis
687 3307 826 3371 insistunt
872 3307 1033 3370 Germanus
1050 3328 1100 3370 au·

12 3379 146 3456 ‚llfflttnsus
170 3400 225 3448 est:
261 3387 369 3448 etiamsi
394 3408 470 3447 nunc
493 3384 589 3470 ignavi
609 3395 638 3448 et
657 3382 768 3445 inutiles
786 3383 860 3449 servi
879 3383 999 3466 Spiritus
1019 3383 1100 3446 donis

12 3457 103 3516 uincti
118 3459 178 3539 sint,
196 3464 312 3524 tandem
333 3462 463 3524 omnibus
481 3463 616 3523 nudatum
637 3459 679 3535 iri,
699 3471 733 3520 ut
753 3479 851 3520 eorum
868 3459 963 3540 inopia
976 3458 1100 3544 probro*

11 3541 66 3602 “lle
82 3549 180 3628 (με
200 3541 229 3599 in
249 3539 368 3623 gloriam
384 3540 531 3600 bonoram
550 3539 639 3600 cedat.
682 3539 745 3598 llos
765 3548 858 3598 autem
878 3537 995 3620 ignaros
1015 3535 1100 3598 Chri-

11 3607 120 3688 *utico
139 3615 182 3674 sel
203 3615 346 3678 talentum
369 3615 415 3678 rel
437 3613 542 3676 minam
560 3615 613 3676 sub
635 3625 741 3675 terram
765 3614 915 3686 deludere,
943 3613 1007 3694 quia
1031 3614 1100 3676 duro

11 3687 49 3736 ill
63 3695 85 3744 el
101 3687 200 3752 deliciis
219 3692 277 3753 suis
296 3691 460 3766 consulunt,
481 3690 548 3750 nibil
567 3689 662 3751 subire
680 3689 781 3750 volunt
801 3689 957 3751 molestiae:
998 3711 1100 3782 quem·

50 3759 123 3824 ⁰du1n'
139 3767 265 3830 ridemus
289 3788 341 3850 per
364 3767 483 3842 multos,
507 3768 572 3827 dum
592 3765 645 3827 sibi
662 3767 773 3845 suisque
792 3767 948 3828 commodis
967 3765 1097 3848 privatim

9 3827 78 3894 attico
96 3854 170 3918 sunt,
197 3843 398 3928 subterfugere
422 3842 517 3904 omnia
537 3843 657 3903 caritatis
678 3841 782 3917 olicis,
815 3863 870 3904 nec
888 3843 975 3902 ullam
994 3842 1099 3902 babere

9 3916 127 3980 tunnis
142 3919 341 3983 aedificationis
360 3930 528 4002 respectum.
559 3920 655 3994 Quum
675 3919 778 3980 dicitur
796 3918 1000 4000 paterfamilias,
1013 3939 1038 4052 p

8 3995 63 4054 qum
81 4013 201 4058 resersus
230 4009 286 4073 eat,
312 4018 429 4059 vocasse
452 4017 549 4057 servos
574 3996 608 4055 ad
632 3992 783 4056 rationem:
817 3993 899 4056 sicuti
924 3993 990 4056 binc
1034 4015 1097 4054 oms

8 4063 152 4144 §turipiffiffi
176 4083 219 4133 est
241 4073 382 4148 alacritas,
407 4073 471 4154 quia
494 4093 525 4133 se
543 4069 703 4155 intelligunt
721 4091 837 4152 operam
855 4067 972 4130 minime
990 4069 1097 4143 ludere,

8 4139 31 4188 '¹¹
47 4159 139 4206 munna
162 4148 249 4232 pigris
272 4164 301 4212 et
324 4149 469 4212 desidiosis
492 4169 552 4210 non
576 4148 644 4211 leuis
663 4147 789 4210 iniicitur
808 4160 909 4210 terror.
948 4145 1096 4206 Discamus

6 4221 214 4347 ffifflli‘lm
229 4227 361 4292 adveniat
371 4227 520 4304 Dumium,
540 4236 570 4288 et
588 4224 724 4290 calendion
741 4225 890 4293 uobiscum
906 4233 1007 4304 ponat,
1023 4239 1096 4302 quo·

54 4313 109 4430 iili⁸
125 4316 327 4444 tpsops‘pppntte‘
334 4316 451 4461 iiiiii·
469 4375 553 4442 domo
575 4379 670 4440 durus
693 4381 746 4438 sla.
790 4375 871 4439 llaec
889 4373 1006 4437 durities
1026 4371 1094 4434 nibil

1039 3927 1098 4005 ost-
