2500 4852
259 253 339 330 (tte
377 254 565 340 nongento
584 252 673 318 serris
691 251 826 330 credito.)
1054 253 1110 320 187

26 425 70 466 no
84 425 185 468 moron
205 415 324 488 pum,
348 417 382 468 ut
399 425 584 495 quaecunque
601 403 696 466 intulit
713 404 814 468 &moa
830 401 914 468 timui
932 415 1109 486 compenset:

25 483 78 542 unde
98 481 251 566 colligimus,
274 505 339 562 quas
358 481 521 564 possidebat
539 481 662 554 (britlas,
686 503 745 542 non
766 501 799 542 ex
817 477 916 541 illicito
935 493 1051 561 quaestu
1070 479 1109 539 illi

38 557 158 618 rorcnioc.
197 559 239 619 lta
257 559 397 619 Zachaeus
419 577 477 618 oon
501 558 587 618 modo
611 557 771 618 satisfacere
790 567 899 638 paratus
920 567 975 632 cst,
1000 557 1109 636 siquid

25 579 94 694 laude
108 633 217 708 onitu,
234 636 283 696 sed
299 635 403 695 iustum
422 633 620 714 patrimonium
640 655 703 694 cmn
721 633 893 714 pauperibus
905 635 1109 696 communicata

24 731 61 788 po
79 731 104 770 se
124 711 250 788 uendit,
278 731 312 774 ex
334 711 402 791 lupo
429 731 597 774 conversum
617 730 756 772 essenon
775 708 916 772 solumin
935 730 1034 786 ovem,
1058 710 1108 770 sed

24 784 81 919 diupi
96 786 121 878 in
138 799 279 924 patorem.
319 789 357 848 Et
374 798 488 868 peccata
507 787 618 876 quidem
626 785 694 876 'iarn
711 785 827 920 :pdmipsa
846 785 1108 877 corrigeremus

23 873 144 1016 iti,
167 873 1032 1000 iubmaiiiioiimiiiiitddiciiiidimiieiffui
1049 885 1108 1000 ii

23 1013 116 1094 otnplo
135 1017 295 1078 uecemitate
316 1015 386 1078 alios
409 1015 526 1076 minime
548 1011 714 1088 obstrinxit,
738 1027 772 1074 ut
788 1035 820 1076 se
838 1014 950 1076 dimidia
965 1015 1108 1076 bonorum

24 1109 103 1178 storum
121 1103 193 1172 parte
209 1091 365 1166 denudent,
392 1089 441 1152 sed
460 1101 570 1150 tantum
589 1091 711 1180 tenenda
731 1101 773 1152 est
790 1087 899 1173 regula,
925 1111 1007 1171 quam
1024 1113 1108 1174 prae-

23 1163 233 1260 rcnbulliomioor,
252 1180 285 1230 ut
304 1189 357 1229 nos
377 1177 407 1229 et
427 1178 526 1228 nostra
547 1187 643 1228 omnia
662 1187 860 1230 consecremus
873 1165 904 1227 in
916 1179 1029 1229 sanctos
1042 1189 1107 1230 usus

22 1259 42 1300 tt
84 1255 216 1382 .mlio⁵iiie
238 1321 325 1382 aolus
345 1321 417 1380 lanio
439 1319 548 1382 domui.
608 1319 738 1385 Cbristus
763 1317 957 1382 testimonium
979 1319 1109 1384 zachaeo

22 1390 112 1472 reddens,
129 1396 193 1457 nibil
213 1397 243 1458 in
267 1418 302 1458 eo
323 1395 407 1456 suissc
425 1393 584 1457 simulatum
603 1394 780 1474 pronuntiat:
796 1415 901 1475 vneque
922 1409 1016 1458 tamen
1035 1395 1109 1458 salu-

22 1467 148 1532 t'tscausam
171 1473 253 1534 bonis
276 1469 410 1554 operibus
435 1471 553 1533 Zachaei
577 1471 704 1546 ascribit,
732 1471 782 1532 sed
805 1472 868 1554 quia
888 1473 1038 1534 conversio
1063 1472 1108 1534 illa

22 1555 96 1606 emm
116 1561 172 1610 erat
187 1551 299 1611 divinae
316 1547 475 1628 adoptionis
494 1546 612 1630 pignus,
638 1548 741 1608 merito
759 1547 827 1608 iude
845 1546 967 1630 colligit,
991 1550 1109 1610 domum

21 1617 67 1680 dan
85 1623 169 1688 salutis
191 1648 250 1690 esse
268 1626 419 1688 haeredem
440 1636 470 1686 et
488 1623 545 1685 hoc
565 1645 680 1706 quoque
698 1623 785 1686 verba
802 1635 914 1685 sonant
952 1625 1026 1686 Nam
1044 1625 1109 1706 quia

21 1695 121 1760 belocus
138 1724 206 1764 unus
225 1702 262 1764 sit
282 1724 317 1763 ex
336 1699 466 1763 Abrabae
484 1698 554 1772 filiis,
574 1699 767 1770 ratiocinatur,
784 1696 887 1762 salvam
908 1719 969 1760 csse
984 1701 1042 1761 cius
1056 1701 1109 1760 do-

21 1791 76 1836 mm
108 1777 192 1839 Porro
211 1791 243 1838 ut
262 1777 324 1860 quis
344 1787 491 1838 censeatur
510 1776 586 1836 intcr
606 1775 735 1836 Abrabae
753 1774 841 1846 lilios,
861 1775 946 1836 fidem
966 1775 1025 1837 eins
1043 1774 1108 1836 imi-

21 1859 70 1910 tttar
87 1873 192 1916 nccme
212 1867 267 1918 est:
299 1855 359 1914 imo
383 1853 455 1914 baluc
481 1851 591 1913 laudem
610 1854 757 1932 Scriptura
773 1851 838 1915 fidei
859 1851 975 1942 proprie
998 1852 1111 1929 tribuit,

20 1925 68 2000 ttod
81 1949 215 2010 germanos
234 1930 366 1992 Abrabae
385 1929 456 1990 filios
476 1929 510 1990 ab
531 1927 670 1990 extraneis
689 1929 838 1990 discernat
881 1930 1008 1990 Suamus
1028 1949 1109 2012 ergo,

19 2017 58 2061 tm
75 2007 207 2088 praecipue
228 2007 258 2068 iu
278 2005 405 2068 Zacbaeo
428 2003 544 2080 laudari,
570 2004 648 2065 cuius
668 2005 756 2086 gratia
776 2005 879 2066 suctum
901 2019 955 2080 est,
981 2017 1014 2066 ut
1033 2006 1109 2064 bona

19 2088 97 2210 we
117 2101 198 2218 opera
222 2085 288 2175 lieo
312 2083 465 2172 placerent
509 2081 570 2142 Nec
594 2079 804 2169 verudobimn
829 2092 885 2174 est,
912 2083 982 2172 quIn
1001 2081 1109 2170 Christi

21 2155 1109 2323 trifidiaaudicrldaedbiiosidrirnillbnellatiriiziciiirinbiscpidldrdrglludefibldrdiitirid

20 2321 59 2362 cnr
75 2331 124 2387 ipso
141 2312 382 2384 reconciliatione,
401 2311 437 2370 de
451 2255 594 2371 {eclesiae
613 2307 707 2369 redern
731 2319 810 2368 trorrc
828 2309 1021 2383 disserentem,
1040 2307 1110 2368 fide·

20 2382 129 2522 ttthhppc
145 2390 303 2481 doctrinam
324 2385 464 2521 ampleclti.
509 2387 585 2462 Quia
605 2396 680 2476 otras.
697 2329 814 2446 (llraecis
832 2383 977 2522 npascolipi
995 2383 1109 2466 generis

19 2467 67 2618 ill:
90 2475 346 2618 quntidnniiliioilliadir
363 2465 409 2599 lli
433 2464 1043 2622 pcpppcetttetpsmpppppppcpnpoezpplpppm
1053 2481 1110 2604 nidd

19 2627 55 2682 to
67 2611 152 2678 domus
169 2617 222 2680 filia
242 2628 318 2680 essct
337 2559 480 2705 Abrabae:
520 2615 577 2675 uod
595 2614 706 2676 tametsi
723 2635 784 2675 non
802 2611 912 2690 refello,
931 2613 966 2675 de
982 2557 1109 2704 Zacbuaco

19 2693 80 2746 tanen
99 2693 181 2771 aptior
206 2693 312 2774 exponi
336 2692 468 2753 arbitror.
535 2711 580 2752 am
619 2692 663 2751 uia
686 2693 779 2766 Deus,
802 2691 869 2752 dum
885 2687 1111 2771 patremfamrbas

18 2759 107 2842 ittet,
126 2771 179 2858 toti
199 2771 285 2834 etiarn
305 2770 365 2832 eius
384 2768 482 2832 domui
499 2787 530 2832 se
549 2768 578 2828 io
597 2713 692 2830 been
714 2767 778 2828 lore
795 2766 937 2858 promittit
981 2766 1044 2829 iure
1065 2787 1111 2826 sa-

17 2831 66 2929 ¹²².
82 2858 162 2924 capite
178 2847 341 2908 extenditur
359 2846 393 2905 ad
412 2857 505 2906 totum
524 2866 637 2925 corpus.
672 2844 822 2906 Caeterum
835 2856 945 2926 partrco
987 2854 1031 2906 aut
1049 2863 1111 2904 em-

16 2909 92 2998 tlttca
113 2933 158 2982 cst
210 2923 360 3004 Significat
384 2921 459 2982 enirn
486 2921 628 2994 Christus,
655 2921 812 2980 Zaclracum
835 2941 896 2980 non
915 2920 1008 2981 minus
1028 2939 1111 2996 quam

16 2985 60 3049 dos
75 2994 192 3074 ludaeos,
219 2999 271 3080 qui
295 2997 417 3078 superbe
436 2997 513 3056 illum
533 2997 761 3070 exsecrabantur,
784 2995 916 3058 Abrabae
935 3016 996 3056 csse
1014 2993 1110 3068 filium,

16 3065 83 3158 itte
94 3075 216 3152 superior
234 3075 293 3136 vita
311 3073 420 3133 nouam
440 3072 533 3134 salutis
553 3072 580 3133 ci
598 3072 726 3136 videatur
745 3071 883 3146 clausisse,
902 3070 938 3131 ab
952 3069 1111 3131 officiosuo

16 3153 172 3223 ttotrmon,
196 3149 269 3210 nibil
288 3150 319 3210 io
338 3147 391 3210 bac
411 3149 567 3212 mutatione
587 3169 661 3222 csse,
680 3143 756 3227 quod
774 3167 942 3226 quemquam
961 3143 1112 3208 olicndcro

16 3211 93 3296 ttae
109 3227 169 3306 quia
182 3228 283 3292 missua
300 3247 318 3288 a
337 3227 423 3290 Patre
442 3225 530 3292 luerit
547 3225 582 3288 ad
601 3225 763 3299 servandos,
781 3223 831 3304 qui
847 3220 951 3305 perditi
967 3231 1045 3286 suut.

73 3529 168 3612 (168.)
208 3532 384 3602 MtTrtt
406 3531 510 3600 XXV.
555 3529 607 3596 lt.
639 3529 729 3598 Sicut
755 3527 839 3596 cuim
860 3526 960 3596 bomo
981 3525 1114 3616 quidam

16 3643 115 3716 peregre
134 3635 346 3722 proficiscens
367 3635 494 3700 vocavit
513 3655 626 3703 servos
648 3655 735 3712 suos,
757 3643 788 3698 et
804 3629 933 3701 tradidit
947 3629 1012 3696 itin
1024 3628 1113 3701 boos

16 3743 62 3793 ⁸¹²¹:
97 3735 145 3806 lb.
173 3741 216 3808 Et
242 3739 318 3804 boio
339 3735 468 3824 quidun
491 3735 581 3804 dedit
602 3740 745 3823 quinquo
766 3733 897 3812 talento,
924 3733 978 3806 alii
1007 3742 1113 3800 auteur

16 3825 71 3908 lto,
93 3838 143 3906 alii
165 3862 243 3906 vero
265 3863 379 3920 uuum,
402 3842 576 3928 unicuique
598 3838 773 3906 secundum
796 3839 959 3924 propriam
981 3835 1113 3903 lucullo·

15 3939 66 4012 ¹⁶³¹.
89 3951 117 4008 et
136 3943 300 4031 proiectus
324 3953 372 4010 est
393 3944 510 4012 atatim:
561 3943 611 4008 16.
640 3941 727 4008 abitt
746 3949 865 4016 autent,
893 3941 1113 4026 quiquidque

13 4033 101 4108 talenta
118 4057 296 4134 acceperat,
317 4057 350 4112 et
371 4049 551 4132 negotiator
574 4054 622 4113 cst
643 4064 773 4130 perca,
801 4052 832 4108 et
853 4040 994 4108 coulcoit
1013 4037 1112 4106 altera

14 4143 124 4228 luitque
143 4148 270 4218 talenta.
314 4150 365 4216 17.
388 4148 542 4216 Similiter
563 4159 594 4214 et
617 4150 674 4235 qui
690 4147 757 4214 duo
775 4151 949 4230 acceperat.
970 4139 1112 4208 lucratus

14 4249 45 4302 m
57 4255 83 4310 ct
100 4249 165 4336 ipso
186 4251 284 4322 altera
306 4249 383 4320 duo.
423 4253 474 4318 18.
498 4251 565 4339 Qui
578 4261 680 4320 autem
695 4269 793 4316 tinum
805 4253 978 4334 acceperat,
998 4241 1112 4314 abiem

14 4335 72 4412 lolit
90 4352 122 4418 iu
140 4363 262 4438 terrain,
284 4367 319 4424 ct
337 4353 509 4424 abscondit
527 4356 694 4445 pecuniam
717 4351 841 4422 domini
861 4349 922 4420 rui.
966 4347 1018 4416 19.
1033 4347 1112 4416 Post
