2496 4852
190 241 248 307 124
397 228 552 294 SECTIO
571 229 609 290 v.
646 226 799 292 Murrus
818 228 1108 292 trec-omacmn.

191 379 358 470 spondens
376 379 489 446 Simon
509 377 590 444 dixit
610 374 669 455 illi,
689 377 905 465 Praeceptor,
924 397 986 464 per
1006 387 1104 444 totam
1124 385 1233 444 noctem

188 483 343 550 coranus
363 477 446 547 nihil
466 479 624 566 cepimus:
643 487 751 544 tamen
774 475 973 544 adverbum
994 487 1082 544 tuum
1103 475 1207 544 laxabo
1224 497 1244 542 rt

187 585 219 649 6.
237 583 281 648 Et
301 603 399 670 quum
420 578 485 645 lroc
507 577 667 658 fecissent,
689 577 918 647 concluserunt
938 580 1071 666 piscium
1083 575 1243 644 multitudin

189 685 370 771 copiosam:
394 675 605 765 rumpebatur
633 690 740 746 autem
762 689 833 746 rete
854 701 976 745 eorum.
1019 681 1048 746 7.
1074 680 1117 746 Et
1137 699 1244 743 annuec

187 785 300 862 sociis,
327 783 497 870 quierant
521 779 556 844 in
584 777 685 845 altera
712 782 803 860 navi,
842 791 878 846 ut
903 781 1055 848 venirent
1079 791 1112 846 ct
1128 778 1244 844 adiuvat<

187 887 284 972 ipsos
326 881 369 948 Et
388 887 565 958 venerunt,
589 890 685 967 atque
707 879 923 968 impleverunt
946 878 1241 958 erubesceremus

186 991 418 1071 mergerentur.
459 981 489 1048 8.
512 978 613 1067 Quod
636 1001 735 1066 quum
761 977 896 1047 vidisset
913 980 1026 1047 Simon
1047 981 1172 1058 Petrus,
1195 979 1244 1042 acci

187 1083 230 1150 ad
252 1103 358 1170 genua
378 1083 468 1162 lesu,
490 1079 618 1161 dicens,
632 1079 777 1146 Discede
797 1102 817 1146 a
840 1102 911 1159 me,
931 1081 1091 1160 Domine,
1123 1083 1191 1168 qnia
1208 1077 1244 1144 hot

184 1195 339 1274 peccator
358 1203 438 1250 aum.
479 1179 653 1266 9.,Stupor
669 1182 754 1246 enirn
779 1179 1036 1248 circumdederat
1058 1203 1139 1262 eum,
1158 1191 1244 1246 etom

185 1289 242 1376 qni
271 1307 342 1352 cum
368 1281 428 1350 illo
455 1289 562 1361 erant,
592 1302 692 1366 super
726 1291 822 1368 captu
849 1283 998 1368 piscium,
1028 1303 1124 1369 quem
1152 1301 1244 1368 cepere

184 1385 236 1453 1⁰.
256 1382 411 1450 Similiter
431 1391 537 1447 autem
558 1379 711 1447 Iacobum
735 1391 767 1446 ct
788 1381 944 1448 loannem
966 1381 1054 1449 filios
1067 1381 1244 1458 Zebedaei«

186 1497 279 1552 erant
299 1485 381 1550 socii
403 1481 536 1548 Simoni.
577 1480 621 1547 Et
642 1483 687 1546 ait
716 1479 758 1546 ad
780 1481 944 1548 Simonem
971 1482 1075 1562 lesus,
1101 1483 1152 1548 Nc
1175 1491 1244 1548 meto

183 1585 321 1673 posthac
342 1586 428 1649 enim
455 1581 605 1648 homines
631 1583 749 1666 copies.
797 1581 847 1648 11.
873 1580 916 1648 Et
941 1581 1110 1651 subductis
1135 1585 1167 1650 in
1190 1593 1244 1648 tem

182 1685 330 1768 navibus,
349 1683 472 1752 relictis
493 1679 652 1765 omnihus,
673 1683 802 1770 sequuti
823 1691 899 1750 aunt
918 1702 1001 1750 eum.

258 1902 363 1966 Matth.
394 1907 442 1970 18.
485 1898 653 1963 Ambobus
675 1913 771 1962 omero
794 1897 878 1962 lesco
898 1913 949 1964 etc.
989 1901 1071 1978 Quia
1096 1901 1164 1964 haec
1185 1897 1244 1959 listc

182 1980 317 2058 duobus,
338 1999 412 2061 quac
430 1989 535 2072 postea
552 1977 734 2054 videbimus,
758 1976 904 2040 miraculis
923 1979 1073 2058 posterior
1093 1977 1205 2040 habetur
1219 1995 1244 2054 ap

41 2087 46 2094 ·
179 2057 305 2132 Lucam,
328 2056 419 2139 vulgo
437 2055 561 2116 invaluit
579 2055 700 2135 opinio,
724 2055 805 2135 qood
825 2053 862 2115 ab
886 2053 953 2136 ipso
979 2065 1114 2116 narrator
1130 2051 1244 2124 miraculo

179 2135 332 2215 aliquanto
352 2145 421 2214 poet
440 2145 587 2212 tempore,
606 2151 693 2210 qoam
711 2152 729 2192 a
750 2129 870 2194 Christo
889 2131 987 2193 vocati
1006 2129 1244 2208 circumcisae

178 2221 250 2272 tum.
289 2209 350 2270 Sed
370 2230 472 2289 pamm
492 2208 635 2270 momenti
659 2207 748 2268 hahet
773 2207 867 2284 ratio,
895 2228 983 2289 quam
1006 2219 1178 2288 sequnntur:
1203 2219 1244 2284 neq

178 2286 257 2348 enim
278 2297 357 2348 certa
377 2285 572 2420 distinctaqpe
594 2293 762 2420 tempprum
787 2283 863 2344 cerie
889 2282 1007 2345 annales
1033 2301 1205 2364 componere
1224 2285 1244 2412 pp

176 2363 307 2444 positam
332 2361 390 2423 t‘nit
407 2361 528 2501 Emffl‘
540 2359 611 2422 istis.

692 2362 749 2422 ode
775 2357 818 2437 fit,
842 2369 877 2422 nt
900 2358 1038 2443 neglecto
1063 2361 1174 2422 dierum
1196 2355 1236 2417 ord

178 2460 213 2502 er
235 2439 324 2500 rebus
353 2439 443 2522 gestis
519 2437 582 2501 ricti
612 2437 782 2520 praecipuas
811 2455 942 2528 quasque
971 2437 1137 2498 summatim
1165 2433 1243 2514 colligt

64 2527 68 2536 ’
175 2516 246 2579 satia
266 2515 402 2576 habeant.
440 2515 597 2575 Annorum
609 2513 728 2593 quidem
748 2511 846 2574 habita
866 2513 923 2576 furt
940 2511 977 2574 ab
997 2511 1055 2574 illis
1075 2513 1160 2587 ratio,
1177 2525 1204 2572 ut
1219 2527 1243 2569 cc

175 2592 309 2673 apicuum
330 2601 407 2681 esset
423 2588 602 2682 lectoribus,
622 2589 774 2681 quomodo
795 2587 950 2649 deiunctus
975 2588 1014 2651 ait
1033 2587 1166 2650 Christus
1182 2587 1243 2656 trient

175 2687 278 2740 ccmo,
303 2665 341 2726 ab
365 2678 451 2726 mrtm
475 2665 702 2746 praedicationis
727 2664 880 2746 usquead
904 2676 1040 2726 mortem.
1088 2665 1146 2728 Sed
1172 2681 1243 2744 qme3

175 2742 253 2804 idam
281 2741 343 2802 lere
368 2753 484 2822 tempos
509 2737 678 2800 inciderunt
705 2739 862 2815 miracula,
883 2739 977 2802 libere
1002 2739 1186 2823 permiscent:
1212 2741 1243 2818 qul

174 2816 309 2910 pluribus
333 2817 441 2908 deinde
465 2813 603 2908 exemplis
622 2817 731 2879 certius
756 2817 879 2899 patebit.
929 2817 1016 2878 Nunc
1041 2837 1115 2880 vero
1140 2815 1240 2902 eandem

172 2895 270 2958 mim
290 2893 439 2954 historiam
459 2913 587 2968 narrari,
617 2892 751 2974 pluribus
775 2894 954 2977 argumentis
978 2905 1113 2957 constat:
1145 2914 1176 2953 er
1193 2889 1242 2976 qul

170 2983 271 3034 tamen
290 2990 381 3031 noum
400 2969 459 3030 lroc
477 2989 540 3030 non
560 2969 751 3034 contentioso
771 2969 878 3032 lectori
896 2969 1040 3047 sufficiet,
1066 2970 1147 3052 qnod
1164 2981 1214 3030 tres
1228 2965 1242 3046 i}

171 3067 234 3109 uno
258 3065 405 3108 consensu
427 3047 547 3138 tandem
570 3047 699 3183 docent¹
724 3047 846 3138 Petrum
870 3058 901 3140 et
919 3045 1088 3142 Andream3
1111 3047 1233 3108 Iacobum

170 3101 1242 3292 lauanttutat‚retuterunt,tractet

169 3297 283 3370 repersi
298 3287 397 3338 essent
419 3275 455 3336 ad
482 3277 639 3356 pristinum
661 3275 740 3366 vitae
762 3293 864 3358 genua.
907 3277 976 3369 lloc
995 3287 1109 3338 tantum
1134 3287 1175 3368 oct¹
1192 3275 1225 3336 du

168 3353 475 3520 alatilia?
496 3350 780 3508 i0l¹¹lic“¹llll⁵t
798 3349 1241 3512 sellentiacum

192 3516 284 3566 artem
307 3522 397 3595 paam
421 3522 466 3564 rer
506 3515 602 3582 ettae,
626 3447 725 3597 midila
744 3505 969 3568 circumstantiis
987 3506 1118 3584 omissis,
1143 3505 1241 3582 attinget

169 3527 364 3715 &parelnrlarl
386 3577 475 3715 abaplr
495 3591 590 3717 cheat,
614 3601 639 3644 sa
664 3581 792 3718 dpcamue
815 3581 1119 3674 praeteritumioicae
1141 3603 1156 3645 a
1179 3575 1241 3650 dccl

158 3675 505 3828 ·”li⁰lii’1dlla,⁸
518 3657 1241 3822 atttriti-'ttici‘dtttt‘titillat

207 3829 295 3890 quam
317 3819 447 3889 partem,
473 3827 550 3890 qnae
574 3808 610 3871 ad
635 3809 816 3890 probandam
841 3811 903 3874 eins
926 3813 1054 3876 divinam
1077 3811 1240 3891 potentian}

165 3887 256 3950 fidem
275 3885 306 3945 in
326 3904 363 3946 eo
382 3896 513 3946 nostram
526 3883 755 3949 confirmandam
774 3885 931 3948 sufficeret.
969 3887 1049 3948 Nihil
1068 3887 1077 3948 i
1101 3889 1158 3948 'tur
1175 3886 1208 3944 mi

165 3961 396 4052 airoeationem
416 3973 544 4053 quatuor
560 3960 775 4040 Apostolorum
798 3965 913 4044 parcius
933 3961 1064 4056 delibant
1115 3963 1232 4025 atthaem

165 4040 295 4114 Marcus,
314 4057 397 4100 curua
415 4056 602 4098 occasionem
620 4037 715 4100 Lucas
734 4038 825 4102 insius
844 4052 1020 4122 exsequatur.

229 4113 315 4206 'lauc-
338 4118 367 4180 1.
405 4111 509 4176 &adm
528 4115 618 4205 iptio
639 4129 783 4192 uagom
827 4116 995 4180 Matthaeus
1020 4117 1186 4180 cethron

167 4187 317 4284 Galilaeae
341 4201 496 4282 nommant
513 4201 585 4252 trito
605 4189 724 4278 linguae
748 4211 817 4254 cuae
841 4213 934 4255 more.
981 4191 1076 4256 Laeua
1098 4193 1149 4256 ille
1172 4209 1219 4273 pro

166 4265 311 4329 Hebraeo
330 4265 402 4328 olrm
427 4267 522 4330 dimus
547 4267 604 4330 luit
621 4289 711 4338 narn.
759 4268 877 4332 Deinde
895 4267 997 4356 lingua
1016 4279 1154 4352 'corrupta
1164 4287 1213 4328 vox

166 4351 241 4415 ilem
265 4348 323 4416 luit
346 4349 377 4412 in
395 4347 592 4418 &cameto
636 4351 761 4418 Proieci
783 4354 943 4438 scriptores
968 4351 1149 4422 Geneurem
1171 4371 1204 4418 ro
