2560 4848
166 317 208 380 m
377 309 488 374 Sici.
507 306 592 371 xm.
630 321 800 370 saumones
824 320 865 368 ar
885 319 1084 370 anemonas.

166 487 233 531 anae
251 462 419 526 tolerantiae
437 460 577 524 radonem
596 470 736 522 constare.
777 459 848 535 Quo
867 458 1057 540 compescitur
1073 457 1254 520 bomanatmo

166 543 249 619 ritas,
266 562 303 603 ne
322 540 384 676 puis
403 559 512 601 summo
531 536 660 600 omnium
678 535 768 598 ludici
786 535 953 617 obstrepere
971 535 1082 610 audeat,
1099 534 1255 596 sincerem

188 639 225 710 er·
238 637 326 699 aequa
347 616 483 708 iiivmodo
502 613 605 706 iudicia
622 634 672 675 eoa
687 612 859 703 exsequitur.
890 611 1108 703 .C²i‘i¹'¹¹¹.'¹.ffi⁰
1119 611 1255 701 comparatio

186 707 199 758 t
216 707 291 756 mter
308 694 453 784 dommum
472 703 503 753 et
521 690 660 764 uilicum,
680 710 749 780 uon·
759 711 824 770 qma
841 689 898 778 Dea
916 701 1037 750 mmntra
1051 687 1123 748 riinm
1139 688 1257 750 clemente

166 784 198 834 et
217 771 431 861 mansuetudine
454 779 602 848 superent,
627 767 677 828 sed
700 787 767 846 qum
785 766 927 856 Βοιιιιιιιιε
951 787 1012 856 nep
1031 776 1135 856 tantum
1154 775 1257 845 peeuto

166 849 533 987 ffi’fflfflff'iiffii',
543 843 593 905 aed
611 863 661 904 eos
678 863 792 924 quoque
814 863 899 905 rarru
911 842 1014 948 ‘modu
1038 841 1149 918 excobt,
1169 852 1197 900 nt
1214 859 1271 952 me-¹

206 1171 210 1180 ,
253 1085 360 1168 (116.)
376 1082 475 1152 LUC.
490 1083 576 1150 Xili.
598 1085 650 1148 lo.
664 1079 813 1148 Docebat
824 1090 930 1148 autem
942 1084 975 1147 in
988 1103 1053 1148 una
1064 1099 1259 1169 synagogarum

167 1186 320 1255 sabbatis.
365 1188 415 1254 11.
443 1187 486 1252 Et
512 1207 587 1253 ecce
614 1184 744 1264 mulier,
772 1207 856 1273 quae
877 1183 1016 1251 babebat
1041 1187 1176 1274 spiritum
1195 1182 1259 1248 infit·

166 1294 282 1360 mitatis
304 1293 395 1356 annis
417 1289 606 1370 octodecim,
628 1299 760 1376 eratque
781 1297 951 1368 contracta,
973 1311 1035 1356 nec
1055 1291 1177 1356 omnino
1195 1296 1259 1373 pote

138 1381 146 1400 '
166 1404 216 1461 ret
232 1395 357 1481 erigere
373 1403 478 1481 ceput.
523 1394 574 1458 lu.
586 1392 702 1478 Quam
717 1412 815 1480 quum
826 1389 954 1457 videret
966 1393 1065 1472 lesus,
1085 1391 1258 1457 romritean

167 1496 208 1563 ad
226 1519 269 1577 se,
287 1509 318 1562 et
330 1499 373 1561 ait
389 1494 444 1574 itti,
457 1493 587 1573 Mulier,
609 1491 742 1560 liberata
758 1514 792 1558 es
815 1492 855 1558 ab
873 1493 1054 1561 infirmitate
1075 1505 1136 1560 tua.
1176 1490 1217 1554 13.
1232 1489 1258 1552 u

166 1602 319 1688 imposuit
349 1599 395 1663 ilii
417 1619 543 1677 rnanus,
571 1608 603 1664 et
623 1597 790 1664 confestim
819 1608 924 1663 erecta
952 1608 1015 1678 est,
1043 1608 1074 1665 et
1099 1587 1260 1683 glorificabat

142 1704 283 1788 'Deum
327 1703 380 1766 14.
403 1699 616 1786 Respondeus
644 1710 749 1765 autem
766 1701 914 1786 princeps
926 1721 1109 1787 synagogae
1128 1697 1271 1782 indignans

167 1803 255 1894 quod
278 1801 415 1868 sabbato
438 1811 579 1868 sanasset
601 1804 705 1884 lesus,
734 1801 862 1868 dicebat
883 1798 1011 1882 turbae,
1039 1803 1101 1868 Sex
1123 1799 1185 1866 dies
1202 1805 1258 1884 sunt,

165 1905 340 1993 inquibus
369 1914 494 1992 oportet
522 1907 664 1990 operari:
694 1907 727 1971 iu
749 1905 799 1969 bis
825 1927 902 1990 ergo
931 1908 1056 1981 venite,
1082 1915 1112 1972 et
1136 1897 1259 1970 suenni.

166 2021 198 2076 et
219 2031 286 2075 non
308 2006 414 2074 indie
436 2004 570 2072 sabbati.
615 2008 666 2074 15.
688 2007 904 2094 Respondent
926 2017 1032 2074 autem
1054 2005 1095 2072 ad
1114 2003 1194 2071 ilium
1212 2002 1259 2065 Do

165 2115 287 2190 minus,
310 2109 399 2189 dixit,
420 2103 615 2198 Hypocrita‚
637 2113 860 2198 unusquisque
881 2121 1023 2177 restrum
1040 2107 1259 2176 sabbatonoune

166 2214 263 2284 solvit
284 2213 401 2280 bovem
422 2233 515 2278 suum
538 2223 593 2278 aut
613 2215 733 2279 asinam
753 2235 772 2278 a
793 2215 952 2302 praesepi,
973 2223 1006 2280 et
1028 2213 1115 2279 ducit
1135 2205 1260 2297 aquatun’

169 2319 221 2384 16.
243 2318 336 2382 Hanc
357 2325 460 2382 autem
482 2315 580 2380 filiam
602 2314 765 2395 Abrabae,
786 2337 882 2404 qnam
903 2313 1046 2403 alligavit
1067 2317 1189 2382 Satanas
1207 2325 1259 2372 ecee

169 2421 349 2488 octodecim
373 2421 480 2496 antris,
501 2440 569 2484 non
592 2421 735 2506 oportuit
757 2417 842 2486 solvi
865 2441 883 2483 a
905 2418 1037 2484 vinculo
1061 2421 1121 2484 isto
1147 2416 1192 2481 die
1209 2407 1260 2477 aab

166 2523 253 2591 bati?
297 2524 348 2588 17.
370 2525 410 2588 Et
432 2542 531 2609 quum
552 2521 632 2588 baec
654 2518 782 2599 diceret,
804 2520 1038 2588 erubescebant
1051 2541 1159 2588 omnes
1177 2515 1260 2581 advet-

165 2629 240 2692 sarii
269 2629 350 2703 eius,
378 2633 410 2688 et
431 2624 535 2692 omnis
566 2621 708 2712 popuius
735 2621 894 2711 gaudebat
928 2645 1028 2712 super
1055 2621 1193 2690 omnibus
1215 2633 1260 2680 na·

166 2727 307 2816 gnificis,
335 2747 418 2813 quae
440 2723 560 2796 fiebant
582 2724 623 2792 ab
646 2727 728 2814 ipso.

240 2913 308 2976 Huc
331 2930 392 2972 nno
415 2919 552 2972 contexto
573 2909 684 2974 referre
706 2911 805 2986 statui,
828 2933 901 2992 qnae
926 2913 1043 2995 sparsim
1067 2913 1192 2996 legantur
1209 2897 1260 2982 apat

164 2989 254 3052 solnm
272 2989 381 3080 bucam
398 2987 459 3048 sine
483 3009 613 3082 expressa
636 2989 771 3070 temporie
797 2991 960 3066 mentione,
987 2991 1071 3051 sicuti
1090 2992 1139 3050 bac
1159 2987 1186 3046 in
1203 2988 1259 3062 pust

163 3069 241 3128 Esau
264 3066 355 3128 ebstas
374 3084 473 3157 parum
493 3063 577 3126 finisse
596 3065 723 3126 comosus
741 3064 806 3124 abbi
825 3065 952 3126 diximus.
989 3067 1094 3130 Postea
1112 3066 1144 3125 ad
1161 3073 1259 3122 commu·

165 3165 231 3205 nem
276 3161 431 3204 armomarn
459 3142 648 3222 opportunior
671 3142 726 3202 erit
746 3141 861 3202 reditus.
904 3143 961 3204 iiic
984 3141 1110 3204 refertur
1130 3131 1259 3200 mirantiutu

163 3220 193 3281 in
211 3220 330 3281 muliere
348 3229 455 3292 sanata,
475 3229 505 3278 et
523 3216 647 3278 offensio
665 3217 789 3299 maligne
808 3231 946 3301 concepta
963 3241 979 3280 a
998 3219 1119 3292 ludaeis,
1135 3213 1201 3296 qood
1215 3205 1259 3266 ¹¹5·

162 3294 231 3357 bato
250 3317 310 3358 eam
331 3295 472 3365 Dominus
490 3305 622 3356 aaomset.
660 3293 738 3354 Dicit
748 3295 849 3370 Lucas,
867 3295 1015 3357 mulierem
1033 3295 1170 3356 detentam
1185 3293 1257 3367 sporta

164 3372 344 3442 infirmitatis,
370 3383 402 3430 ut
431 3391 465 3431 ex
493 3391 647 3430 nervorum
675 3369 872 3433 contractione
901 3372 1051 3432 incurvum
1080 3381 1152 3432 esset
1174 3383 1203 3425 eo

166 3447 242 3522 Quia
260 3446 383 3538 speeiem
403 3445 498 3505 morbi
516 3445 597 3506 aliter
614 3465 674 3506 non
693 3446 835 3528 designat,
853 3447 1003 3510 verisimile
1028 3459 1086 3521 est,
1111 3466 1167 3506 non
1187 3377 1257 3526 ιᾘ

163 3543 225 3584 retu
244 3523 337 3597 inune,
357 3521 403 3582 rei
422 3522 500 3584 cuius
516 3522 588 3582 ratio
607 3523 721 3584 medicis
740 3535 896 3585 constaret:
915 3525 980 3585 ideo
997 3536 1085 3586 rotat
1105 3518 1257 3614 initum

162 3603 311 3677 spiritum.
349 3599 460 3658 Scimus
480 3598 570 3671 euim,
589 3597 692 3660 diaboii
711 3619 729 3660 ο
750 3619 798 3660 cra
817 3612 849 3660 ut
868 3601 1016 3681 plurimum
1030 3599 1144 3661 insolitu
1155 3593 1257 3676 111Ιῖἥῆ

163 3695 223 3764 non
248 3674 417 3734 naturalibus
435 3674 526 3756 afiligi
547 3674 685 3765 homines.
724 3620 794 3765 ὃιιρ
822 3676 921 3736 clarius
947 3676 1048 3738 enituit
1073 3675 1160 3736 divina
1179 3667 1256 3728 (Μ’

163 3751 1256 3908 iiiiii’aiiiieiisiiiiiiiffi'iii,iiiiii'biiiii'n‘ibbmaiii

163 3903 239 3963 nitus
259 3903 433 3962 conceditur.
473 3902 625 3964 Caeterum
648 3905 883 3983 quemadmodum
903 3905 1060 3978 Dominus,
1082 3921 1162 3994 anrm
1182 3905 1255 3974 ΜΨ

163 3980 200 4041 sit
219 3979 361 4038 bonorum
381 3978 507 4037 omnium
526 3989 638 4054 auctor,
657 3992 751 4040 tamen
770 3980 800 4040 in
820 3981 962 4042 benefieiis
975 3980 1163 4074 singularibus,
1178 3982 1203 4031 ti
1217 3983 1254 4023 Ν·

162 4051 1254 4206 auerteretur..turrensium“mimenni

163 4206 372 4298 quamvisoeins
397 4225 482 4266 manu
506 4217 601 4267 utatur
625 4208 709 4268 etiam
732 4209 768 4269 ad
791 4155 868 4271 levin
894 4209 1009 4285 temus,
1034 4205 1130 4287 quibua
1154 4187 1252 4278 quffl‘

163 4304 217 4344 nos
340 4294 360 4341 t.

236 4295 445 4427 ibsi'gbiuiicr,
465 4359 596 4418 liber-oto
613 4379 655 4420 ea.
693 4360 728 4419 In
747 4361 804 4422 boc
822 4360 971 4435 miraculo,
992 4357 1072 4422 sicuti
1089 4356 1118 4416 in
1133 4350 1194 4420 ὧι
1204 4354 1250 4432 ,¹⁰

165 4434 307 4511 potentiae
323 4455 390 4500 snae
401 4433 546 4516 specimen
560 4455 644 4514 quam
656 4436 763 4520 gratiae
779 4438 907 4500 exhibuit
918 4437 1062 4501 Cbr'ntus:
1078 4454 1108 4496 oe
1125 4427 1189 4492 etum
1203 4419 1250 4478 Μ
