2524 4856
383 275 510 323 unusne
533 277 712 324 vertemus.
1055 265 1115 333 mi

15 419 65 476 ute
84 429 152 476 eum
173 431 285 477 ornnes
306 421 431 498 gentes,
468 423 499 479 et
526 412 688 500 separabit
710 429 769 482 eos
790 413 911 482 alteros
931 411 973 480 sb
995 413 1111 497 ulteris,

15 515 69 577 ient
93 521 198 600 pastor
222 525 366 601 segregat
389 537 466 582 oves
496 515 538 581 ub
567 515 691 584 hoedis.
739 516 792 582 33.
821 517 863 582 Et
892 525 1007 582 statuet
1034 539 1111 584 oves

15 614 109 701 pidem
130 637 148 681 u
170 614 288 684 destris
311 620 393 696 snis,
425 618 551 684 hoedos
574 628 686 683 «autern
709 640 727 684 a
750 618 897 684 sinistris.
940 619 993 683 31.
1017 621 1112 684 Τυιιο

15 719 68 782 lieet
87 719 151 782 llex
173 719 226 794 iis,
254 721 308 804 qni
331 742 348 784 u
372 719 490 785 dextris
513 719 575 786 sibi
599 731 705 799 eruut,
725 722 845 786 Venite
866 719 1027 786 benedieti
1052 723 1111 786 Pu·

15 821 133 884 risnel:
155 820 317 908 possidete
340 843 472 908 regnunt
496 830 639 908 puratum
654 821 749 888 vobis
771 821 813 887 sb
835 821 968 889 exordio
991 823 1110 890 rnnndi.

15 923 42 988 5.
59 923 183 990 Esurivi
206 925 305 1000 eninr,
334 931 365 989 et
392 921 526 988 dedistis
554 923 630 990 ririhi
659 922 771 990 edere:
799 925 897 1001 sitivi,
924 935 956 989 et
978 923 1110 992 dedistis

15 1023 60 1086 rili
80 1022 203 1089 biberes
225 1025 344 1112 hospes
367 1045 467 1103 ersus,
494 1035 526 1091 et
547 1024 722 1111 collegistis
744 1045 807 1092 uret
851 1027 903 1092 36.
926 1025 1057 1105 Nudus,
1079 1036 1111 1093 et

15 1127 149 1212 pertristis
176 1149 241 1193 me:
275 1123 435 1204 inlirnnrs,
469 1136 500 1192 et
527 1129 680 1192 visitastis
707 1149 776 1203 rue,
801 1131 834 1192 iu
862 1149 989 1194 earcere
1014 1149 1109 1210 eruin,

16 1231 158 1296 treuistis
180 1227 222 1294 nel
246 1252 305 1296 me.
348 1229 400 1292 37.
424 1229 519 1294 'l'uno
541 1227 786 1316 respondebunt
804 1230 832 1294 ei
856 1229 939 1309 iusti,
961 1229 1111 1311 dicentes,

15 1333 129 1409 lumine,
150 1331 283 1418 qusndo
306 1341 337 1395 te
358 1329 496 1396 vidimus
518 1334 726 1408 esurientem,
755 1340 786 1396 et
806 1334 966 1418 pavimus,
993 1342 1047 1398 sut
1067 1333 1110 1398 si·

15 1433 116 1512 ientern,
144 1442 176 1499 et
204 1431 354 1498 dedimus
382 1431 440 1497 tibi
468 1435 598 1520 potum?
639 1432 693 1498 38.
717 1432 860 1517 Quando
883 1443 987 1498 autern
1011 1441 1042 1498 te
1063 1435 1110 1498 vi·

15 1533 82 1600 iuus
101 1534 275 1620 lmspitas,
300 1545 332 1601 et
354 1533 545 1619 collegimus
568 1545 612 1600 te:
643 1546 698 1600 sut
720 1534 856 1612 undoni,
888 1545 918 1600 et
941 1537 1111 1622 cooperui·

15 1653 54 1697 rur
73 1640 118 1701 te?
158 1637 211 1702 33.
235 1639 300 1702 Aut
322 1634 453 1722 quaudo
482 1645 513 1700 te
535 1634 674 1700 vidimus
703 1635 882 1712 inlirrnurn,
911 1646 966 1701 sut
981 1639 1020 1701 iu
1042 1659 1110 1702 usr-

15 1755 68 1816 ere,
90 1749 118 1804 et
137 1741 284 1804 venienus
312 1735 354 1804 sd
377 1741 426 1804 te?
469 1737 522 1804 tn.
550 1737 592 1802 Et
614 1737 814 1824 respondeus
836 1739 904 1802 Rex
927 1737 1014 1803 dicet
1035 1736 1110 1818 illis,

15 1855 82 1902 tuen
101 1839 174 1908 dieu
195 1840 309 1920 vobis,
331 1850 489 1927 quatenus
512 1838 633 1906 lecistis
656 1841 711 1905 uni
734 1838 775 1906 de
788 1839 838 1904 his
856 1837 1008 1906 iratribus
1031 1841 1110 1906 rneis

15 1939 122 2020 sisinio,
145 1943 220 2006 nitri
244 1942 373 2006 lecistis.
418 1941 471 2007 41.
493 1941 588 2004 'l'uno
610 1941 694 2007 dicet
717 1952 749 2006 et
771 1943 823 2018 iis,
852 1944 909 2028 qui
931 1964 950 2007 s
973 1943 1109 2008 sinistris

16 2053 82 2122 runt,
106 2042 272 2110 Discedite
294 2063 312 2108 s
332 2064 382 2107 rne
404 2039 564 2107 maledieti
586 2043 620 2108 in
647 2047 752 2128 ignens
775 2055 951 2123 ueternum,
977 2045 1033 2130 qui
1055 2065 1109 2130 ps-

15 2151 66 2206 stus
85 2157 130 2212 ert
148 2146 285 2216 diabulo
309 2154 341 2214 et
361 2143 483 2229 stigelis
505 2145 585 2210 eius.
634 2147 687 2210 ts.
708 2147 836 2212 Esuriri
858 2147 956 2223 euim,
985 2156 1016 2212 et
1042 2165 1109 2210 non

15 2239 111 2312 ledistis
131 2250 207 2314 mihi
228 2247 352 2312 cilium:
374 2247 473 2323 sitivi,
495 2255 526 2309 et
548 2267 615 2311 nun
638 2245 770 2312 dedistis
792 2246 867 2311 mihi
890 2255 1013 2332 putum.
1056 2247 1108 2312 43.

15 2345 103 2434 lospes
124 2373 225 2430 eram,
255 2359 286 2416 et
307 2369 375 2414 uon
398 2345 571 2432 collegistis
594 2369 656 2412 me:
684 2347 806 2427 nudus,
834 2357 954 2413 utnon
977 2349 1107 2436 operui·

15 2449 117 2516 umes
149 2453 297 2520 iutirsuu
326 2461 358 2516 et
383 2453 417 2516 in
440 2471 568 2530 operere
589 2472 693 2524 eram,
729 2461 761 2516 et
787 2471 855 2520 nou
876 2449 1027 2514 visitastis
1048 2469 1107 2514 me.

15 2547 38 2612 tl.
55 2551 141 2620 'lum
160 2551 406 2644 respondebunt
427 2553 457 2616 ei
479 2561 510 2617 et
532 2553 609 2638 ipsi,
630 2551 783 2630 dieentes,
803 2552 954 2631 Domine,
975 2549 1108 2636 quando

15 2653 163 2724 rvidtnus
186 2659 393 2734 esurientem,
415 2663 469 2718 out
492 2655 668 2734 sitientem,
695 2663 751 2719 sut
771 2653 945 2740 hospitem,
973 2663 1027 2718 sut
1049 2673 1108 2717 uu-

15 2749 71 2832 ltu,
102 2769 153 2826 sut
175 2758 356 2836 infirmum,
391 2763 448 2820 sut
474 2756 507 2820 iu
530 2775 674 2832 carcere,
708 2765 741 2820 et
768 2776 835 2822 uon
862 2753 1108 2822 ministravimus

15 2849 59 2918 li?
95 2859 145 2926 ts.
171 2863 268 2927 'lune
290 2855 501 2944 respondebit
522 2855 603 2936 illis,
636 2855 885 2936 discussimus
908 2856 983 2922 dieo
1003 2854 1108 2934 vobis,

15 2968 131 3038 turstenus
152 2985 219 3030 uon
245 2959 364 3041 lesistis
386 2960 442 3024 uui
465 2957 506 3023 de
528 2959 666 3027 minimis
696 2957 759 3038 his,
792 2981 853 3024 uec
881 2961 954 3024 milri
977 2959 1106 3023 lecistis.

15 3057 40 3120 4.
57 3062 94 3128 Et
112 3063 206 3132 ibunt
226 3066 261 3132 hi
282 3066 317 3132 iu
336 3061 531 3150 suppliciunt
552 3071 732 3140 aeteruum,
754 3063 830 3128 iusti
851 3081 931 3128 vero
953 3061 988 3126 iu
1010 3060 1107 3125 vitam

17 3167 141 3233 eternum.

67 3331 258 3402 tucnxt.
279 3331 333 3400 37.
347 3329 499 3399 Docebat
521 3339 625 3396 sutem
648 3328 787 3396 interdiu
802 3331 834 3394 in
852 3327 985 3416 templo:
1008 3335 1107 3394 noutn

15 3447 62 3496 'eru
80 3438 183 3508 esiuts
206 3433 429 3504 diverssbstur
455 3437 490 3500 iu
515 3444 638 3512 munte,
686 3433 743 3518 qui
770 3441 905 3497 vocotus
927 3429 1106 3494 Olivsrunt.

15 3527 41 3593 Β.
59 3535 95 3601 Et
115 3543 218 3606 onmis
239 3537 381 3628 populus
401 3535 547 3605 diluculo
569 3533 719 3602 veniebst
740 3533 782 3600 sd
805 3553 892 3611 eum,
919 3541 954 3598 ut
975 3532 1009 3599 iu
1031 3539 1106 3596 tem·

15 3627 47 3700 lu
65 3658 131 3706 eum
150 3639 284 3708 audiret.

30 3941 36 3955 ,
61 3871 239 3959 Prosequitur
259 3875 389 3940 Christus
410 3875 527 3938 eandem
547 3871 719 3946 doctrinam,
751 3880 781 3930 et
801 3867 876 3950 qnod
901 3867 978 3952 prius
1001 3862 1107 3927 deseri-

15 3955 48 4004 ’111
62 3950 108 4012 nb
127 3952 279 4032 parabolis,
321 3973 398 4014 nunc
418 3951 501 4034 plane
523 3961 553 4011 et
574 3948 635 4009 sine
660 3945 756 4030 liguris
775 3946 901 4028 explicet.
921 3947 1035 4006 Summa
1056 3950 1108 4016 est,

15 4025 73 4100 ise
93 4025 183 4090 fideles
206 4030 239 4091 sd
264 4041 363 4090 sancte
387 4040 525 4108 reeteque
550 4021 663 4088 vivendi
691 4021 813 4083 studium
836 4020 974 4094 animent,
991 4015 1108 4107 'delere

15 4091 55 4178 [1ιί
70 4101 151 4166 oeulis
171 4103 204 4166 sd
223 4103 375 4168 coelestem
394 4105 480 4166 vitam
500 4102 655 4181 respicere,
678 4119 750 4178 quse
769 4117 845 4157 nune
864 4093 1040 4166 abscondita,
1063 4089 1107 4149 ul-

15 4189 60 4232 mo
78 4177 183 4240 tantem
201 4181 304 4246 Christi
323 4179 445 4242 adventu
463 4179 584 4262 patefiet.
611 4177 683 4236 Nem
703 4195 788 4254 quurn
807 4171 971 4260 pronuntiat
990 4189 1020 4229 se
1040 4179 1107 4258 tune

15 4261 122 4314 usurum
140 4255 169 4318 iu
188 4255 261 4320 solio
282 4255 392 4340 gloriae
415 4275 496 4330 suae,
526 4253 655 4314 ulricum
675 4249 782 4332 angelis
802 4260 924 4322 renent,
944 4241 1106 4334 leunculu-

15 4331 276 4414 ”assectationem
295 4331 417 4418 opponit
436 4330 561 4396 conlusit·
586 4341 616 4392 et
635 4324 828 4412 incompositis
847 4335 977 4386 terrenae
996 4321 1109 4383 mrlrtue
