2678 4860
344 188 424 263 <²¹2
465 185 596 269 cbristus
615 187 743 256 moriter·
782 191 946 276 Puteum
1152 198 1216 277 m

159 333 259 407 LUC.
282 339 393 408 XXlll.
447 341 500 408 dl.
518 341 597 410 Erat
618 352 723 410 aurem
744 343 813 412 lete
832 345 916 417 butro
936 355 1038 420 mla:
1072 358 1105 418 et
1123 359 1211 420 tue·

66 437 153 504 brae
173 439 275 508 iactae
296 453 372 509 sunt
392 463 491 532 super
514 455 737 536 totamterram
758 469 861 536 usqne
883 450 923 517 ad
945 451 1057 519 boram
1079 439 1208 522 nouam.

67 541 125 608 45.
148 543 191 610 Et
213 540 405 613 obscuratos
427 555 474 614 est
496 546 561 627 sol,
592 560 623 615 et
645 547 752 617 velum
780 553 888 640 templi
917 555 1051 630 scissum
1074 549 1211 622 estch

67 645 172 710 dium.
216 646 268 716 to.
291 647 334 712 Et
355 669 453 736 quum
476 649 643 718 clamasset
665 673 747 719 voce
767 673 882 739 magna
901 657 1006 737 lesus,
1034 657 1092 737 ait,
1114 657 1209 724 Pater

64 751 104 814 in
134 769 247 814 siranus
276 757 347 815 tuas
374 753 564 819 courrneudo
593 756 738 840 spiritum
769 777 882 822 meum.
935 758 978 823 Et
1002 759 1082 826 bace
1108 779 1208 846 quum

66 851 221 931 dixisset,
242 855 422 939 exspiravit.
465 853 517 920 tt.
541 855 652 942 Quum
674 857 806 926 vidisset
827 868 932 926 nutem
946 859 1103 928 Centurio
1119 859 1209 949 quod

65 953 204 1032 accidit,
233 953 426 1040 glorificavit
447 956 567 1036 Deum,
612 959 738 1040 diceus,
772 962 873 1031 Certe
899 963 997 1030 bomo
1024 965 1076 1029 bic
1105 964 1208 1030 iustus

65 1064 148 1124 orat.
193 1057 245 1124 to.
267 1057 308 1154 lit
328 1077 439 1124 omnes
467 1058 595 1141 turbae,
632 1083 716 1150 quae
743 1073 957 1132 convenerant
979 1065 1020 1131 ad
1044 1075 1207 1156 spectaco·

64 1159 137 1229 lusu
158 1157 255 1238 illud,
277 1183 375 1248 quum
398 1160 562 1240 vidissent,
584 1183 668 1251 quae
689 1161 819 1246 fiebant,
840 1168 1052 1255 percutientes
1074 1177 1206 1256 pectora

64 1285 128 1330 sua
149 1261 402 1330 consuebantur.
453 1264 506 1331 49.
528 1263 663 1331 Stabant
683 1277 789 1334 summ
811 1289 923 1338 omues
944 1272 1016 1338 noti
1038 1273 1108 1338 eius
1129 1290 1206 1358 pro-

64 1365 138 1445 cul,
166 1373 198 1432 et
219 1365 383 1448 mulieres,
413 1386 497 1455 quae
521 1387 593 1432 enin
617 1379 770 1458 sequutae
793 1381 881 1438 erant
903 1393 921 1439 a
945 1372 1105 1456 Galilaea,
1125 1371 1206 1437 baec

64 1465 225 1536 ridentes.

146 1767 250 1832 blattb.
270 1771 319 1832 45.
343 1769 373 1830 A
391 1779 482 1832 sexto
501 1781 602 1832 autem
620 1771 703 1834 toro.
745 1771 914 1856 Quanquam
933 1771 963 1834 in
984 1771 1093 1836 Cbristi
1110 1782 1205 1834 morte

64 1845 163 1912 caruis
183 1845 327 1906 infirmitas
346 1845 466 1908 Deitatis
485 1847 602 1931 gloriam
623 1849 657 1910 ad
676 1849 764 1911 breve
785 1861 895 1932 tempus
914 1851 1043 1932 operuit,
1067 1849 1125 1910 imo
1144 1847 1205 1930 ipse

65 1923 128 1988 Dei
145 1921 233 1984 filios
252 1919 387 1984 deformis
405 1923 490 1986 iacuit
509 1923 561 1988 sub
581 1925 690 2006 probro
711 1937 739 1988 et
762 1939 935 2008 contemptu,
957 1939 987 1988 et
1008 1925 1204 2008 (quemadmo-

64 2003 138 2064 dum
164 1997 266 2060 Paulus
289 1995 428 2078 loquitur)
454 1999 611 2062 exinanitus
635 2003 701 2064 suit:
735 2003 900 2083 quibusdam
924 2014 1018 2062 tamen
1040 2001 1115 2064 notio
1139 2021 1204 2062 eum

63 2096 188 2152 ornare,
208 2094 268 2134 non
286 2073 393 2138 destitit
412 2075 540 2138 coelestis
561 2077 654 2151 Pater,
671 2089 755 2158 atque
774 2077 804 2138 in
823 2078 920 2139 ultima
939 2076 1098 2140 deiectione
1117 2094 1204 2160 qnae·
1302 2091 1308 2098 ’

62 2157 133 2216 dam
153 2151 263 2212 suturae
281 2149 388 2234 gloriae
407 2153 547 2234 praeludia
563 2153 671 2220 erexit,
690 2173 762 2234 quae
781 2154 839 2234 pias
858 2165 967 2214 mentes
985 2153 1117 2214 adversus
1137 2173 1203 2212 cru·

64 2231 109 2294 cis
135 2225 295 2292 scandalum
319 2225 462 2292 fulcirent
506 2227 551 2290 lta
579 2227 686 2292 Christi
709 2231 836 2291 maiestas
860 2228 926 2292 solis
948 2229 1075 2302 delectu,
1108 2239 1202 2288 terrae

63 2315 167 2382 notu,
193 2315 337 2396 petrarum
356 2303 452 2366 fissura
470 2315 500 2366 et
518 2303 573 2366 veli
593 2303 732 2368 fractione
751 2305 899 2400 magnifice
920 2318 1017 2366 testata
1036 2303 1104 2381 suit,
1134 2323 1203 2386 pet-

64 2381 135 2446 inde
154 2402 214 2444 acsi
235 2379 346 2442 coelum
364 2391 394 2442 et
413 2392 487 2444 terra
506 2380 632 2444 debitum
650 2404 702 2444 suo
722 2381 815 2462 opifici
834 2395 864 2443 et
882 2382 975 2443 fictori
994 2379 1100 2443 cultum
1117 2399 1203 2515 prae·

11 2471 12 2478 ’
64 2469 187 2522 starent.
244 2455 398 2519 Caeterum
426 2455 519 2538 primo
547 2457 612 2520 loco
637 2458 796 2538 quaeritur,
827 2479 962 2539 quorsum
992 2457 1058 2519 solis
1083 2477 1116 2521 ec
1137 2455 1202 2538 psis.

64 2539 143 2598 Nam
188 2531 245 2594 uod
267 2543 379 2596 veteres
403 2545 504 2616 poetae
527 2531 558 2594 in
576 2533 632 2594 suis
652 2534 803 2617 tragoediis
827 2533 943 2596 subduci
968 2535 1051 2596 terris
1073 2533 1139 2596 solis
1158 2529 1201 2591 lu-

64 2634 136 2679 men
162 2555 287 2701 lingunt,
323 2607 372 2670 ubi
395 2609 546 2672 uelandum
565 2608 677 2690 aliquod
701 2609 789 2672 scelus
812 2621 950 2693 patratur,
988 2610 1023 2672 ad
1046 2607 1200 2670 notandum

64 2690 127 2758 isac
146 2685 259 2748 divinae
276 2697 437 2768 portentum
463 2696 584 2768 spectat:
618 2697 701 2766 atque
724 2685 780 2746 boc
798 2686 910 2767 quidem
928 2685 1095 2770 figmentum
1113 2685 1201 2762 dedu7

64 2779 147 2828 etum
168 2761 222 2826 luit
246 2784 280 2822 ex
304 2759 446 2822 commoni
469 2772 584 2822 naturae
608 2781 701 2824 sensu.
752 2761 823 2824 Ideo
848 2763 958 2843 quidam
981 2762 1152 2844 interpretes
1171 2760 1201 2818 in

66 2839 181 2906 Christi
203 2848 298 2900 morte
320 2837 455 2900 immissas
482 2837 614 2900 divinitus
638 2837 723 2899 luisse
751 2839 881 2900 tenebras
909 2849 1010 2918 putant
1036 2839 1066 2898 in
1090 2837 1201 2922 signum

64 2914 282 2988 detestationis,
298 2915 354 2976 acsi
374 2915 452 2974 Deos
472 2913 660 2976 obtenebrato
680 2913 740 2974 sole
761 2913 861 2976 laciem
882 2937 960 2976 suam
978 2935 994 2974 a
1012 2913 1120 2978 scelere
1137 2933 1200 2973 om-

64 2993 150 3058 nium
170 2991 318 3054 teterrimo
337 2991 531 3052 absconderet.
570 2989 628 3051 Atii
654 2990 714 3052 sole
741 2991 841 3054 visibili
867 2991 1005 3051 exstincto
1025 2991 1201 3051 demonstra-

66 3085 131 3134 tum
151 3067 235 3130 luisse
253 3067 353 3128 dicunt
370 3067 514 3126 interitum
533 3065 599 3128 solis
618 3066 747 3126 iustitiae.
779 3065 838 3128 Alii
857 3067 891 3126 ad
910 3065 1002 3152 gentis
1022 3064 1200 3128 excoecatio·

65 3169 155 3222 nem,
176 3167 247 3235 qaue
266 3142 349 3224 paulo
369 3153 433 3222 post
451 3153 567 3224 sequuta
587 3152 643 3216 est,
663 3141 771 3204 reterre
789 3141 904 3204 malunt.
946 3143 1018 3202 Nam
1039 3141 1134 3202 ludaei
1153 3160 1199 3201 re-

66 3225 150 3286 iecto
172 3219 302 3294 Christo,
332 3227 480 3300 postquam
506 3239 522 3280 e
546 3217 639 3279 medio
664 3218 787 3280 sublatus
812 3229 867 3292 est,
901 3216 1031 3279 coelestis
1055 3213 1201 3278 doctrinae

65 3301 134 3360 luce
154 3295 256 3379 privati
278 3306 358 3371 sunt,
392 3315 447 3356 nec
471 3293 618 3374 quicquam
642 3291 694 3354 illis
714 3293 850 3375 reliquum
869 3291 923 3352 fuit
939 3303 1053 3374 praeter
1070 3292 1201 3374 despera-

66 3373 160 3438 tionis
182 3371 322 3434 teoebras.
360 3371 425 3452 Ego
453 3391 524 3432 vero
550 3370 645 3452 potius
668 3369 812 3446 existimo,
845 3369 910 3450 quia
933 3389 1001 3450 prae
1026 3379 1143 3452 stupore
1167 3367 1201 3430 ad

65 3454 166 3514 lucem
189 3447 346 3510 caecutiret
362 3446 409 3508 itte
427 3447 561 3538 populus,
586 3443 712 3508 tenebris
731 3445 815 3508 luisse
835 3466 921 3526 exper
941 3443 1077 3523 electum,
1102 3455 1135 3504 ut
1152 3441 1200 3503 ad-

65 3525 200 3593 mirabile
218 3523 276 3586 Dei
293 3525 441 3586 consilium
460 3546 489 3584 m
509 3521 616 3584 Christi
634 3533 728 3583 morte
746 3534 899 3603 reputaret
960 3543 1004 3583 am
1021 3521 1134 3583 insolita
1152 3540 1201 3579 or-

65 3603 145 3670 dinis
163 3613 279 3664 naturae
297 3599 461 3677 conversio,
481 3597 534 3660 nisi
553 3621 669 3678 prorsus
687 3599 900 3674 obduruissent,
926 3601 1000 3661 serio
1022 3597 1119 3660 debuit
1137 3593 1200 3656 aili-

67 3701 141 3744 cere
160 3699 260 3739 eorum
278 3697 389 3752 senam,
419 3687 452 3736 ut
471 3676 504 3738 ad
525 3674 645 3734 futuram
667 3675 765 3736 mundi
784 3674 998 3736 renovationem
1015 3675 1202 3737 attenderent

68 3757 189 3820 Interea
206 3753 396 3834 spectaculum
415 3751 467 3816 illis
487 3749 640 3814 exhibitum
663 3749 719 3811 init
740 3749 857 3812 terroris
875 3749 1006 3829 plenum,
1041 3761 1074 3812 ut
1091 3751 1127 3811 ad
1144 3747 1201 3809 Dei

67 3830 209 3896 iudicium
234 3843 463 3910 expavescerent.
510 3829 548 3888 Et
573 3848 641 3890 sane
666 3825 719 3888 luit
746 3827 802 3888 boc
826 3825 1043 3908 incomparabile
1064 3827 1123 3888 irae
1145 3821 1202 3884 Dei

68 3911 290 3983 documentum,
318 3905 394 3985 quod
421 3925 458 3968 ne
482 3901 632 3998 unigenito
655 3902 768 3983 quidem
790 3901 847 3963 filio
876 3905 1017 3984 pepercit,
1034 3922 1099 3962 nec
1121 3897 1203 3962 aliter

70 3985 198 4070 placatus
218 3993 260 4044 est
283 3979 432 4063 quamdin
451 3979 617 4064 expiationis
635 3979 737 4060 pretio.
782 3977 871 4056 Quod
893 3991 986 4042 autem
1009 3999 1025 4040 a
1046 3975 1147 4040 scribis
1172 3987 1202 4038 et

69 4058 281 4134 sacerdotibus,
300 4069 330 4118 et
352 4079 380 4118 m
418 4078 454 4118 oa
473 4055 571 4150 populi
589 4068 670 4139 parte
689 4075 788 4118 secure
806 4053 950 4138 neglecta,
968 4068 999 4116 et
1017 4053 1115 4118 clausis
1134 4072 1202 4113 ocu-

70 4137 110 4200 lis
130 4133 282 4216 praeterita
300 4129 355 4195 luit
371 4133 438 4196 sois
457 4131 619 4206 exstructio,
645 4131 805 4214 prodigiosa
831 4151 931 4194 eorum
954 4130 1075 4194 amentia
1098 4129 1203 4192 borro-

71 4233 141 4276 rem
160 4209 243 4272 nobis
262 4209 391 4274 incutere
409 4207 506 4272 debet:
539 4230 605 4270 nam
622 4209 710 4272 brutis
728 4207 889 4272 animalibus
906 4233 949 4272 ma
973 4209 995 4271 is
1013 4207 1098 4270 luisse
1114 4205 1203 4288 stupi-

71 4291 130 4354 dos
149 4305 267 4352 neceuc
285 4297 343 4368 est,
369 4285 488 4372 quitali
510 4297 645 4367 portento
668 4287 704 4349 de
730 4283 858 4350 coelestis
881 4287 974 4354 iudicn
1001 4286 1098 4371 rigore
1116 4282 1204 4366 palam
