2596 4840
135 257 174 320 ta
525 247 583 312 10.
602 246 775 314 cttvtttt
795 247 897 312 VITA

134 415 192 458 ass
222 393 407 456 (leonensis
436 392 578 456 orclem
606 394 748 456 misereri.
803 391 913 476 ltaque
942 411 1047 456 eorum
1083 391 1291 474 medicorum

134 494 226 546 uaus,
250 491 378 552 quorum
398 489 490 552 opera
510 471 617 532 [arm
637 465 733 532 luerat
753 469 921 549 decretum,
947 482 980 530 ut
997 471 1047 530 fidi
1066 483 1201 552 pastores
1221 471 1291 530 eii-

133 561 291 625 serentur,
308 548 349 609 ita
367 567 432 609 rese
449 548 483 609 in
503 547 683 628 reipublicae
702 548 954 610 administratione
973 549 1079 630 gessit,
1098 559 1131 608 nt
1149 548 1291 608 seditio·

134 629 180 688 nis
198 647 277 699 reus,
298 624 366 686 dum
386 643 440 703 per
460 623 619 685 fenestram
640 627 793 706 proripere
812 645 844 686 se
865 637 999 699 conatur,
1016 643 1289 705 praerepsruene‚

134 715 170 764 ut
189 715 254 762 erat
271 701 386 784 ingenti
405 703 540 781 eorporis
558 701 654 776 mole,
678 701 718 762 ita
737 720 801 762 sese
825 701 987 777 attriverit,
1013 714 1048 760 ut
1065 701 1140 760 intra
1160 718 1289 782 paucos

135 779 197 844 dies
218 799 252 840 es
271 777 323 839 illo
343 799 411 838 casu
430 779 468 867 qit
492 779 665 840 exstinctus:
690 776 766 840 alter
789 777 949 840 homicidio
966 789 1148 859 ‘perpetrato
1174 777 1288 914 capite

134 859 174 920 sit
191 855 361 917 muletatuss
387 853 495 934 reliqui
508 854 580 928 ,duo
605 854 699 916 malae
739 875 838 934 uoque
858 855 1074 932 administratae
1093 854 1126 914 iu
1165 875 1205 914 arn
1228 875 1287 914 am

134 933 285 1015 legatione
317 930 497 1012 reipublicae
526 931 653 992 accusati
684 951 718 992 so
731 953 780 992 um
806 931 948 992 verterint
985 931 1103 1011 sintque
1134 875 1287 992 aleeutes

135 1008 274 1072 nunaut
311 1007 367 1068 llis
386 1005 477 1068 veluti
494 1027 615 1090 spumae
634 1007 771 1070 sordibus
792 1010 893 1070 eiectis
911 1008 1011 1068 eiritas
1026 1005 1174 1068 I'arellusa
1186 1029 1285 1068 susam

134 1098 168 1150 et
187 1085 344 1148 Caluinum
362 1085 463 1166 coepit
481 1085 642 1164 requirere.
680 1082 726 1145 Ae
771 1105 842 1146 uuus
866 1084 903 1146 de
921 1085 1040 1145 Farello
1065 1085 1285 1165 reoqaraedo

133 1159 427 1226 aNeoeomensibus
445 1161 598 1222 minimum
615 1161 679 1243 spei
697 1105 769 1222 attii
809 1173 872 1237 ret,
897 1162 981 1222 enine
1004 1161 1122 1221 demean
1146 1163 1178 1222 ia
1200 1159 1286 1224 cst-

132 1239 236 1304 vioum
254 1239 369 1299 intenta
386 1239 583 1319 Argentinaaa
602 1237 731 1321 legatos,
754 1181 889 1301 silures·
909 1257 1030 1319 quoque
1054 1238 1284 1318 Tigurinorum

132 1315 360 1392 ietesoequne,
380 1313 485 1389 mittit,
515 1315 566 1395 qui
590 1315 627 1376 ab
652 1315 919 1396 Argentinensibus
945 1315 1100 1377 Calvinum
1123 1325 1283 1394 repetant.

132 1393 367 1474 &guatinenses
386 1391 582 1472 praebentes
602 1390 745 1453 difficiles.
784 1391 924 1454 Calvinus
947 1392 1011 1486 lpse
1031 1391 1169 1473 quamvis,
1194 1409 1284 1472 qnae

133 1468 340 1563 improborum
371 1469 557 1561 quorundam
583 1469 669 1550 culpa
692 1467 884 1544 sustinuerat,
908 1468 999 1550 ipatus
1022 1468 1055 1528 in
1079 1466 1283 1530 Generenses

134 1567 264 1612 aasmuur
288 1544 362 1606 nihil
386 1555 601 1620 immutarent,
631 1557 731 1608 marten
755 1567 773 1606 a
798 1545 893 1607 turbis
918 1545 1095 1620 abhorrens,
1126 1555 1156 1603 et
1188 1543 1282 1624 quod

131 1621 298 1688 Dominum
316 1621 431 1684 videret
457 1621 622 1682 ministerio
647 1642 702 1684 ano
720 1623 754 1682 in
773 1621 987 1706 Argentineusi
1006 1620 1129 1682 ecclesis
1146 1620 1282 1680 benedi·

134 1719 215 1778 erre,
234 1699 321 1780 plane
340 1719 373 1759 ae
392 1697 556 1758 rediturum
569 1718 688 1780 negare.
726 1699 858 1760 Burerus
890 1717 990 1780 noque
1002 1709 1033 1758 et
1044 1697 1152 1763 meteri
1162 1717 1281 1779 aeger-

132 1777 261 1843 timeae
285 1775 368 1836 illum
393 1774 562 1836 dimissuros
584 1775 695 1859 testari.
732 1719 936 1837 Peratsutdus
960 1787 1058 1835 umen
1084 1773 1280 1836 Genrreosi-

132 1853 201 1929 tus,
220 1853 335 1914 censuit
352 1851 471 1914 tandem
482 1852 614 1914 Buoeres
627 1850 748 1914 illorum
765 1851 902 1932 pratibus
922 1871 984 1913 ease
1004 1852 1039 1912 ad
1058 1862 1175 1932 tenpus
1195 1871 1281 1912 eosa-

133 1929 317 1993 eedendum:
340 1929 423 2008 quod
441 1939 574 1990 tamena
595 1927 720 1990 Calvino
738 1929 860 1992 nonnisi
884 1929 1060 2010 interposita
1079 1927 1159 2012 gravi
1179 1926 1281 1988 divini

131 2006 233 2070 indicii
252 2005 486 2080 denuntiatione,
505 2016 538 2065 et
555 2006 711 2088 proposito
730 2005 824 2068 lonae
843 2005 979 2086 exemplo
998 2003 1056 2066 luit
1072 2007 1280 2086 impetratam.

134 2084 196 2146 Sed
220 2083 360 2164 qnoniam
385 2083 418 2142 in
442 2082 472 2142 id
495 2092 611 2163 tempus
638 2081 708 2144 haee
730 2081 912 2158 inciderant,
943 2101 1005 2174 quo
1027 2101 1062 2142 ex
1084 2081 1279 2174 magistratus

133 2161 256 2224 decreto
274 2159 433 2238 tenebatur
451 2158 590 2220 Calvinus
609 2157 802 2222 llatislsonam
821 2157 858 2219 ad
879 2159 1012 2222 Comitia
1028 2159 1084 2238 (sic
1103 2177 1187 2218 enam
1203 2157 1280 2220 Iue-

133 2249 181 2304 rat
192 2237 359 2313 decretum)
372 2257 439 2297 oum
454 2234 572 2298 Bucero
592 2236 750 2315 proficisci,
769 2235 856 2296 dilata
876 2235 933 2296 luit
951 2224 1012 2298 eius
1033 2236 1181 2310 duoesdo,
1203 2247 1237 2294 et
1260 2257 1279 2296 a

132 2313 333 2382 Beruenailsus
356 2312 552 2394 inpetrarunt
571 2312 780 2386 Generenses,
804 2324 839 2373 ut
857 2313 963 2374 Petrus
983 2313 1103 2374 Viretas
1127 2313 1280 2393 tantisper

133 2391 289 2455 taurona
309 2387 461 2450 Geuevam
485 2389 556 2452 iret:
605 2411 643 2452 uo
669 2389 809 2452 libentius
834 2389 865 2450 in
884 2389 989 2450 urbem
1009 2390 1097 2452 rediit
1116 2384 1277 2468 calvi-us,

134 2487 201 2530 enm
221 2466 358 2530 videlicet
377 2465 528 2528 babituros
548 2413 709 2549 relegam,
735 2467 816 2528 ouius
841 2487 932 2548 opera
955 2479 987 2527 et
1011 2465 1136 2530 oonsilio
1161 2466 1193 2526 in
1220 2467 1279 2528 in-

134 2545 290 2610 ataursnda
309 2543 431 2604 ecelesia
457 2543 614 2624 plurimum
638 2543 768 2604 adiuvari
793 2555 901 2622 posset.
942 2544 993 2605 stc
1016 2543 1131 2624 aliquot
1151 2563 1277 2606 menses

156 2623 327 2682 raeteriere:
374 2619 457 2680 uibus
476 2619 595 2681 tandem
616 2619 722 2700 elapsis
742 2617 879 2681 Calvinus
897 2619 982 2680 XIII
997 2619 1164 2702 septembr.
1186 2641 1278 2683 anno

165 2696 257 2760 omini
269 2695 330 2757 llll
386 2697 410 2754 l.
431 2693 585 2758 Generum
603 2716 753 2778 regressus
773 2707 827 2772 est,
846 2717 958 2759 summa
976 2719 1045 2758 curn
1064 2696 1190 2757 uniuersi
1209 2719 1278 2777 po-

132 2773 196 2856 puli
220 2794 255 2835 eo
278 2785 395 2834 senatus
419 2771 562 2854 imprimis
586 2772 735 2855 singulare
753 2773 813 2832 Dei
837 2792 908 2856 erga
930 2795 963 2836 se
987 2773 1162 2834 beneficium
1186 2776 1277 2836 serio

133 2849 1277 3007 ttttttt‘tt't‘sstttttllttutttt‘ptit‘tttt‘tttt‘ttttt

134 3015 362 3086 eapungeretnr.
399 3001 436 3064 Id
461 3004 538 3064 enim
568 3003 689 3064 tandem
712 2951 944 3086 argentinensi
975 3016 1200 3076 concesserunt,
1236 3026 1276 3068 ea

132 3078 561 3224 wtsttllttttttt
575 3080 941 3220 ‘Illtlttt‘t‘tte
955 3079 1275 3220 tttlttlttttt
1296 3111 1297 3114 ‘

134 3235 212 3298 ditus
231 3197 388 3294 retineiet:
414 3255 540 3312 quorum
561 3199 633 3294 illud
646 3180 790 3315 irretiaris
809 3233 853 3295 Ca
867 3237 958 3312 vinus,
977 3236 1054 3296 istud
1073 3255 1145 3296 vero
1163 3247 1198 3294 ut
1217 3257 1275 3298 ae·

133 3313 247 3393 ciperet
265 3331 416 3388 nunquam
435 3309 475 3402 alq
492 3331 530 3372 eo
549 3311 717 3391 extorqueri
736 3312 844 3403 potuit,
863 3323 896 3372 ut
916 3314 966 3400 qui
986 3311 1060 3403 uilail
1075 3313 1275 3404 minosqpam

133 3409 208 3528 ttt
227 3397 356 3555 titt
372 3387 1276 3556 ,Itttttt:tttttttttt'ttItt'tilttt

130 3541 247 3608 ritaret
269 3561 391 3602 ommno
415 3540 459 3604 lass
485 3541 575 3602 Irensa
601 3541 753 3624 indigere,
780 3553 939 3604 testaretur
961 3543 1118 3622 imprimis,
1146 3563 1178 3604 se
1204 3565 1275 3606 non

155 3639 220 3680 osse
240 3617 402 3678 ministerio
427 3639 481 3679 suo
502 3617 557 3678 rite
577 3617 676 3700 iungi,
701 3619 756 3680 nisi
776 3641 833 3679 una
854 3641 921 3680 cum
945 3619 1081 3681 doctrina
1101 3619 1296 3684 Christiana

131 3641 352 3776 lresbyteriusn
377 3715 498 3787 quoque
523 3695 687 3777 legitimum
707 3717 774 3758 cusa
797 3695 907 3767 εὐταξίᾳ
931 3697 1125 3760 ecclesiastiea
1151 3700 1274 3779 recipe-

130 3784 226 3836 ratur.
263 3771 342 3834 Tum
361 3771 451 3853 Igitur
470 3776 543 3852 (qua
562 3772 599 3832 de
618 3791 652 3832 re
668 3793 737 3834 mox
756 3771 871 3854 plonius
890 3773 1034 3852 dicemur)
1059 3785 1090 3836 et
1108 3773 1276 3864 Presbyte-
1295 3825 1296 3834 ,

132 3869 235 3912 rorum
261 3846 502 3929 deligendorum,
533 3860 564 3910 et
588 3851 679 3910 totius
703 3848 780 3910 itlius
805 3848 915 3912 ordinis
939 3851 1021 3935 leges
1043 3849 1175 3930 perlatae
1199 3866 1277 3915 suut

131 3925 227 3988 verbo
247 3925 306 3986 Ilei
325 3939 540 3988 oouseataueae
560 3936 591 3984 et
609 3925 720 3988 civibus
738 3925 808 4006 ipsis
828 3939 944 4008 gratae,
970 3949 1040 4008 quaa
1064 3939 1168 4009 postet
1185 3932 1275 3992 miris

132 4001 228 4093 quis
248 4002 338 4063 Satan
359 4001 504 4086 abrogare
524 4001 631 4062 frustra
657 4015 702 4062 est
720 4015 851 4064 consors.
891 4005 1015 4097 Scripsit
1059 4023 1158 4086 uoque
1177 4007 1275 4068 Cote-

134 4079 277 4142 ehsssunm
301 4078 405 4162 gallire
435 4089 466 4140 et
490 4079 596 4154 latiae,
620 4078 658 4140 als
688 4078 740 4140 illo
771 4081 871 4160 priore
895 4025 1137 4146 miurueltur
1158 4095 1274 4160 antem,

132 4155 185 4218 aed
203 4155 298 4218 multat
316 4161 495 4230 auctiorem,
522 4168 552 4214 et
571 4158 601 4216 iu
622 4157 808 4236 quaestiones
832 4179 866 4218 ac
891 4161 1102 4240 responsiones
1148 4159 1272 4220 istribu-

132 4245 209 4294 trun:
229 4253 318 4314 quem
336 4233 443 4296 saerito
464 4231 551 4293 nobis
568 4231 656 4294 liceat
674 4233 874 4294 admirandum
894 4235 1042 4314 quoddam
1058 4257 1132 4318 opos
1151 4258 1274 4314 vocare,

131 4321 291 4390 tantopere
309 4307 440 4390 plurimis
461 4309 548 4368 mum
568 4311 672 4370 exteris
697 4309 814 4392 populis
837 4313 1011 4402 probatore,
1035 4319 1070 4374 ut
1090 4335 1155 4376 nou
1174 4316 1271 4376 modo

132 4384 296 4456 remudis
313 4383 446 4476 plurimis
463 4384 582 4472 linquis,
601 4399 706 4476 utpote
719 4406 898 4474 gomorra,
918 4389 1044 4478 anglica,
1062 4391 1188 4468 sontica,
1203 4389 1272 4454 tut
