2678 4860
236 206 324 285 (ati.
363 205 493 288 Sepulcri
511 206 641 270 custodes
659 227 676 268 a
693 207 883 273 sacerdotibus
903 209 1062 294 corrupti.)
1159 211 1219 276 U

76 353 488 524 xiiatf'ilttig'ltit
506 357 677 496 ''libitt‘
693 371 870 499 ttici}
884 361 1217 518 latmi:

76 520 153 602 aturn
172 510 296 590 undique
317 521 470 602 captantes,
486 523 634 592 postquam
658 511 709 573 illis
725 457 837 574 licius
859 533 926 604 suae
943 514 1104 596 diligentiae
1121 514 1216 595 periit,

76 599 219 646 ationem
239 606 342 648 novam
363 598 525 668 excogitant
547 589 741 671 emungendae
765 611 910 670 pecuniae.
951 589 1039 667 Quod
1060 602 1154 652 autem
1172 589 1215 651 di-

77 660 122 723 cit
141 661 316 739 Matthaeus,
350 666 466 722 renim
488 685 528 723 ras
552 666 616 724 illis
642 667 801 743 quosdam,
835 665 978 726 incertum
1006 678 1050 728 est
1074 688 1111 728 an
1134 666 1216 747 pauci

77 738 163 799 astuti
186 737 333 800 consilium
356 738 392 799 ab
415 738 474 802 aliie
496 741 726 823 segregaverint,
753 762 789 802 aii
813 761 883 804 vero
907 742 984 804 missi
1003 742 1112 803 luerint
1135 763 1216 804 oom-

76 814 160 876 muni
183 813 313 876 oninium
341 815 468 878 nurnine.
515 817 551 876 ln
574 816 648 878 lianc
678 818 830 879 secumdam
854 829 962 899 partem
987 818 1075 902 magis
1098 817 1215 879 inclinat

76 892 260 966 coniectura,
278 891 343 972 quia
361 903 460 984 postea
479 891 548 954 dicit
566 890 726 956 Matthaeus
748 913 809 954 uon
833 893 883 954 uni
901 891 947 956 vel
965 894 1089 971 duobus,
1117 895 1166 956 sed
1183 894 1215 956 in

74 987 187 1052 genere
209 967 301 1029 datam
330 967 414 1028 luisse
437 965 570 1029 militibus
593 970 755 1032 mercedem
778 967 904 1050 periurii,
953 967 1073 1031 Certum
1102 969 1214 1050 quidem

74 1044 234 1184 ἓξὲξ.
244 1043 452 1181 qmnsspidqd
471 1044 713 1184 pgqsppumrerinq,
742 1046 893 1184 aigpdpprs
912 1044 1039 1182 illqrum,
1065 1059 1161 1186 tadipcu
1179 1066 1214 1107 ea

253 1141 470 1182 i=sa
590 1141 736 1184 muonra
855 1144 901 1182 um
964 1141 1214 1186 aoraeaive-

75 1207 163 1260 nator
186 1143 400 1258 essecmileindc
429 1217 515 1278 quum
538 1196 646 1260 scelere
670 1197 819 1260 obstrictos
844 1210 990 1276 tenerent,
1013 1145 1089 1262 1irrata
1114 1219 1213 1260 eorum

75 1272 251 1334 conscientia
277 1273 312 1334 ad
336 1273 555 1353 extorquendam
579 1273 727 1353 pecuniam
753 1272 838 1335 luisse
862 1273 972 1336 abusos.
1026 1277 1099 1337 Nam
1123 1275 1214 1366 (quod

76 1347 223 1414 sceleratis
246 1349 310 1410 lere
330 1348 461 1410 omnibus
485 1349 643 1432 contingit)
668 1349 829 1412 sacerdotes
859 1349 931 1412 male
961 1349 1013 1412 sibi
1033 1352 1156 1427 coneeb,
1181 1361 1216 1411 at

73 1426 200 1488 Μιιιιι
219 1445 300 1488 suurn
319 1436 468 1508 tegerent,
488 1425 591 1488 militer
608 1425 689 1506 largo
707 1427 801 1507 pretio
820 1447 1007 1506 corrumpere
1026 1427 1119 1490 coacti
1138 1438 1213 1489 suut.

74 1503 172 1564 Porro
192 1501 258 1564 liinc
281 1513 373 1583 patet,
398 1501 552 1584 reprobos,
580 1513 731 1582 postquam
750 1523 781 1564 sc
800 1503 834 1564 ad
850 1503 1028 1594 peccandum
1047 1503 1214 1584 praecipites

74 1577 167 1639 semel
186 1577 333 1653 dederunt,
352 1576 434 1638 novis
454 1575 573 1640 subinde
591 1575 705 1660 flagitiis
723 1575 867 1715 implicari,
888 1577 972 1658 idque
990 1579 1056 1638 duna
1076 1578 1215 1658 pudorem

75 1671 161 1716 nain
178 1654 255 1714 tuerl
273 1654 374 1715 vobmt
391 1655 465 1733 apnd
485 1653 627 1732 homines,
654 1655 711 1716 Dei
734 1655 844 1716 olensa
863 1673 962 1716 secure
980 1653 1120 1735 neglecta.
1158 1653 1216 1716 bli-

75 1729 135 1792 aeri
154 1729 200 1792 isti
218 1751 278 1792 non
296 1741 405 1791 tantum
424 1729 575 1812 largitione
599 1731 743 1794 rdirmnt
767 1731 883 1806 milites,
907 1732 957 1792 sed
979 1731 1088 1792 etiamsi
1106 1730 1215 1792 crimen

74 1807 109 1866 in
128 1805 261 1870 iudicium
280 1807 430 1868 adductum
450 1805 552 1881 suerit,
576 1805 677 1869 lamam
696 1829 773 1870 suarii
798 1819 827 1868 et
847 1818 932 1888 caput
954 1827 1046 1869 noxae
1066 1805 1214 1870 obiiciunt.

75 1881 159 1957 Quid
178 1895 271 1943 autem
290 1903 339 1943 cos
359 1893 473 1963 praeter
490 1893 616 1963 sumptus
637 1881 770 1944 iacturam
789 1883 823 1944 ad
844 1894 954 1944 tanturn
973 1881 1125 1944 discrimen
1148 1881 1212 1944 sub·

78 1957 208 2020 eundum
226 1959 318 2042 cogit,
346 1959 399 2020 nisi
423 1959 486 2039 quia
510 1959 668 2020 obstinatus
692 1959 774 2022 saror
792 1979 842 2022 eoa
860 1960 1042 2022 retrocedere
1060 1979 1121 2020 nou
1139 1960 1215 2035 sinit,

77 2035 175 2096 donee
194 2047 307 2117 peecata
345 2037 446 2098 eccatia
464 2035 662 2099 accumulent?

156 2115 202 2175 ld.
240 2113 298 2171 Dia
352 2123 424 2172 otus
445 2123 491 2172 est
516 2113 566 2171 lsic
588 2133 693 2172 sermo·
746 2111 803 2172 llic
827 2110 967 2174 vindictae
992 2109 1048 2172 Dei
1072 2121 1214 2172 extremus

74 2187 134 2248 fuit
155 2185 315 2248 tumulusa
353 2187 546 2249 excoecandos
566 2187 700 2261 ludaeos,
728 2187 804 2267 quod
823 2187 944 2247 militum
963 2185 1088 2268 periurio
1107 2184 1215 2266 sepulta

74 2264 135 2324 eati
152 2264 258 2326 Clirisii
276 2265 462 2338 commertio,
487 2275 516 2325 et
540 2273 600 2326 taio
623 2263 709 2324 futile
726 2263 902 2324 mandacium
921 2275 1079 2344 receptum.
1117 2267 1214 2341 eique

75 2339 148 2402 lu'nc
167 2352 288 2422 apparet
301 2338 464 2402 voluntaria
483 2359 582 2402 errore
605 2339 691 2403 luisse
711 2339 863 2420 deceptor,
886 2340 934 2420 qui
955 2339 1099 2402 cumcun
1117 2358 1215 2401 resur·

75 2417 185 2477 reabse
208 2437 268 2476 non
292 2417 439 2498 putabant,
463 2415 545 2478 sicuti
566 2418 686 2478 mundus
708 2429 810 2497 sponte
834 2435 865 2477 se
891 2416 926 2478 ad
950 2413 1101 2477 ludendum
1123 2413 1214 2474 olleit

75 2493 200 2553 Satanae
219 2491 389 2572 imposturis.
431 2493 533 2572 Neque
557 2493 647 2566 enim,
671 2491 694 2553 si
718 2492 779 2571 quis
804 2503 913 2553 tantum
932 2490 1031 2553 oculos
1049 2490 1214 2584 aperuisset,

75 2569 165 2652 longa
184 2567 213 2627 in
252 2569 369 2630 isitioae
391 2587 463 2650 opus
486 2578 555 2630 erat.
600 2569 713 2629 Armati
736 2567 840 2630 mitia
862 2569 1028 2650 abreptam
1052 2565 1106 2628 sibi
1129 2565 1214 2628 iubae

74 2645 178 2706 dicum
198 2589 306 2708 (illinisti
324 2665 376 2710 eor
396 2667 428 2705 us
446 2645 482 2709 ab
501 2644 621 2722 imbelli,
644 2645 772 2724 trepido,
799 2656 829 2713 ct
847 2644 964 2727 exiguo,
993 2655 1023 2708 et
1038 2641 1143 2706 inermi
1162 2643 1215 2704 bo·

75 2721 188 2782 minum
214 2739 313 2806 grege.
391 2721 432 2781 uis
457 2720 562 2784 coloris
584 2720 761 2803 praetextus?
800 2721 932 2796 Addunt,
956 2741 987 2782 se
1012 2717 1215 2786 dormientibus

76 2797 136 2858 laoc
155 2815 218 2858 esse
236 2797 351 2858 lactum.
392 2799 476 2858 Unde
500 2797 588 2880 igitur
610 2796 732 2857 iuratum
757 2796 901 2859 divinant?
939 2795 1050 2871 Quodsi
1075 2815 1130 2877 qua
1155 2804 1215 2856 erat

75 2872 200 2964 apicio
226 2873 263 2935 de
285 2873 438 2954 discipulis,
469 2893 607 2966 carnos
638 2873 711 2936 ves‘
733 2873 892 2964 lancequuti
915 2873 999 2964 santi
1031 2893 1084 2935 cnr
1099 2869 1215 2963 ‚nubum

76 2950 420 3116 tttttlcttttlll
431 2948 1215 3114 sitifi,trititilttittattlttttt‘

78 3102 140 3164 Sed
160 3101 265 3162 lactum
285 3115 327 3162 est
346 3101 429 3162 Pilati
449 3101 644 3177 conniventia,
662 3113 695 3162 ut
714 3113 789 3162 tanta
810 3099 973 3194 improbitas
994 3111 1148 3161 evanuerit.
1168 3101 1215 3159 Si-

77 3178 141 3240 euti
160 3179 288 3239 ridemus
306 3177 433 3270 quotidie
450 3179 592 3252 accidere,
616 3190 649 3238 ut
666 3177 778 3258 profani
801 3177 905 3238 indices
923 3197 984 3237 nou
1003 3176 1123 3236 multum
1142 3185 1215 3236 ssu-

77 3265 165 3338 gant,
196 3253 246 3316 ulii
264 3266 366 3316 veritae
388 3253 486 3316 lcauile
510 3266 541 3318 et
565 3253 666 3316 malitia
691 3253 837 3318 obruitur:
866 3253 934 3333 quin
958 3252 1069 3334 potius,
1098 3252 1122 3314 si
1146 3250 1215 3315 nibil

78 3341 214 3392 ructuant
237 3329 426 3405 incommodi,
459 3352 524 3392 curu
551 3330 663 3412 perfidis
687 3329 875 3392 nebulonibus
903 3326 1045 3390 colludere
1074 3325 1215 3391 videntur.

80 3407 255 3487 Quanquam
274 3419 368 3497 autern
391 3407 445 3466 lioc
464 3408 569 3500 durum
586 3405 678 3500 sideri
693 3418 803 3488 posset,
829 3405 1003 3500 quod-'Deus
1022 3402 1120 3494 falsum
1139 3402 1216 3496 bunc

77 3500 227 3651 :tlt-‘t
241 3482 590 3632 minasset,
610 3480 1217 3650 ‘attttttlltf'ittttitt
1331 3545 1332 3548 ‘

80 3633 170 3697 lunae
187 3634 260 3696 illini
279 3647 409 3720 gentem,
431 3655 514 3715 quein
538 3633 658 3696 nebulae
677 3633 740 3698 lucc
758 3645 915 3716 privarent,
940 3633 1004 3696 binc
1023 3653 1216 3716 perspicimus,

81 3709 162 3792 qnod
187 3712 271 3772 inane
299 3709 491 3792 frivolumque
517 3711 694 3770 mendacium
723 3724 778 3772 tam
810 3711 912 3791 cupide
933 3709 1078 3791 arripitur:
1116 3707 1216 3770 deiude

78 3788 149 3868 qa'n
167 3807 268 3850 omnm
288 3787 349 3848 lere
367 3787 546 3871 impegerant
559 3785 591 3847 in
604 3785 723 3866 lapidem
738 3787 913 3861 offensionis,
932 3785 1115 3848 obtenebrari
1129 3805 1217 3864 opor-

79 3864 139 3926 tuit
156 3863 255 3926 oculoa
273 3882 382 3938 eorum,
401 3883 439 3924 ue
458 3863 589 3926 viderent
607 3861 722 3924 calicem
742 3863 888 3946 vertiginis
903 3862 973 3957 ipsis
991 3861 1148 3942 propinari:
1167 3861 1216 3920 de·

80 3961 190 4076 ppqpuqn
187 3939 217 3998 in
237 3958 329 4088 oqiqp5
341 3959 431 4088 gegnpa
449 3937 607 4075 drqrmcntiae
619 3937 742 4076 32:⁰³3?
761 3937 841 4000 sicuti
860 3940 965 4075 Iesaipp
984 3935 1116 4075 vatpqlipqio
1133 3954 1218 4072 Γριιίῗξ·

384 4055 416 4073 ..
787 4035 804 4072 u
1204 4045 1218 4059 -

79 4091 163 4185 aaa
182 4033 263 4172 aiii
279 4055 374 4172 accipi
383 4035 668 4224 pm‘qffimmiu
687 4035 933 4183 scissili'i'pe
950 4035 1058 4164 iiiiii..
1081 4033 1218 4168 aium

81 4165 689 4326 ffieliffilffililliel‘ffilssss
714 4178 808 4302 itit
826 4167 956 4301 tlt,
973 4182 1219 4330 tttttf‘it‘t

85 4319 169 4402 peina
190 4318 350 4402 proficiam.
391 4317 544 4380 (amman
565 4319 692 4399 quarraria
714 4318 788 4400 apud
811 4319 844 4380 lu
881 4337 929 4380 eos
953 4315 1138 4396 praevaluerit
1160 4314 1218 4376 laec
