2536 4848
139 229 197 298 lid
554 225 557 232 ⁴
591 219 820 290 stenfort.

132 373 229 436 etiarn
246 391 281 436 ua
325 371 395 434 ead
416 371 585 455 patrimonii
606 371 832 434 diminutionem
854 379 884 433 et
904 391 1043 456 agrorum
1065 369 1250 434 alienatione·

135 471 174 574 ie
193 461 277 593 “dli
300 461 368 587 afidi
388 527 490 610 suerit
517 524 669 586 fimum
698 537 797 588 aruer.
850 525 916 588 Hae
947 525 1097 588 sententia
1127 523 1253 585 convincit

134 607 287 678 ·Christns,
306 607 511 693 miserosesse
531 603 683 678 homiues,
704 603 754 684 qui
773 603 926 664 thesauros
947 625 1019 663 arsos
1036 603 1066 662 in
1087 615 1163 662 terra
1183 623 1251 682 repu-

142 686 216 746 sitos
240 682 364 742 habeut:
390 700 459 760 qma
484 680 596 741 scilicet
620 681 729 740 caduca
753 680 790 740 sit
817 691 848 740 et
872 681 993 740 evanida
1019 699 1124 739 eorum
1144 677 1252 738 felicitas

141 763 261 844 Negant
285 757 363 817 euim
377 777 419 848 ,se
443 756 579 846 impediri
598 757 875 848 avari„quominus
900 757 991 816 corde
1010 756 1041 815 in
1064 755 1178 816 coelum
1195 754 1253 834 aspi·

142 849 221 912 '⁰¹¹¹‘
236 833 452 972 tzillttt
465 831 1254 970 tfmt⁰ttt⁰luttt³alttttttmtttlt

140 935 257 1074 didm,
276 985 363 1048 coelo
381 929 624 1076 renuntiaiinqhi
643 985 674 1076 iu
694 985 807 1077 mundo
827 931 927 1078 filim
946 1005 1009 1046 esse
1028 951 1179 1066 apdetunt
1206 983 1253 1042 Sei

144 1074 492 1220 tttattttttttttf
508 1059 1253 1219 ltttttttt‘tl'itttltlttttttltttet

70 1247 73 1252 ·
145 1217 385 1302 quandoquidem
407 1227 474 1276 tuta
494 1216 567 1275 inde
591 1217 668 1276 vitae
694 1215 867 1276 formandae
891 1216 969 1276 ratio
994 1215 1162 1294 dependet,
1188 1179 1253 1290 atqui

145 1299 204 1360 hac
223 1295 394 1355 referuntur
406 1311 509 1354 omnes
527 1311 637 1352 murus.
677 1291 711 1352 Si
720 1303 858 1354 tentetur
877 1291 972 1354 banos
992 1311 1139 1352 mmmmm
1158 1289 1254 1354 bouum

145 1392 266 1436 necesse
287 1381 346 1443 est,
366 1381 410 1462 .¹¹.‘
432 1380 547 1460 mentes
571 1367 708 1452 humanas
728 1368 845 1460 penitus
865 1381 994 1450 occupet
1012 1368 1153 1428 ambitio:
1181 1365 1201 1457 si
1216 1383 1253 1444 pe·

147 1451 269 1540 cuniae,
298 1458 415 1538 avaritia
434 1457 571 1538 ,scotinus
590 1445 866 1536 regnumrnvadet:
880 1445 919 1537 ,ai
944 1443 1100 1526 voluptas,
1131 1443 1252 1537 hennon

145 1520 1154 1678 ttfttttflitte'bittittlfttt‘ttffltttit'tt
1172 1519 1253 1654 ,tlt

146 1679 238 1740 falsae
262 1675 486 1757 imaginationes
508 1674 568 1734 hue
591 1673 662 1734 illue
686 1673 839 1755 abripiant.
885 1671 1002 1749 Quodsi
1027 1672 1116 1733 nohis
1139 1671 1260 1758 probast

147 1756 227 1818 aerio
251 1772 419 1834 persuasum
446 1761 538 1824 esset,
570 1749 740 1842 felicitatem
764 1763 893 1844 nostram
918 1749 1064 1842 ineoelo
1090 1768 1165 1821 esse,
1191 1743 1260 1828 faule,

147 1822 1251 1984 {atitatitttttdt,lttttffltttt‘tttltttfttttt’filt

148 1986 229 2046 dere.
269 1983 333 2041 Hae
353 1980 468 2040 ratione
488 1979 613 2054 Paulus,
638 1979 707 2039 dum
732 1981 762 2040 in
781 1979 913 2041 ‘sublime
933 1979 1073 2039 attollere
1097 1977 1157 2041 vult
1179 1973 1260 2062 fidele}

150 2072 182 2120 et
201 2058 313 2120 hortari
332 2057 367 2117 ad
388 2056 522 2116 eoelestis
541 2055 619 2116 vitae
639 2056 785 2131 studium,
814 2057 871 2117 illis
891 2055 1044 2118 Christum
1093 2053 1214 2135 reponit,
1232 2069 1251 2106 n

144 2156 211 2228 quq
229 2135 295 2226 sole
315 2131 483 2225 quaerenda
503 2143 547 2192 est
565 2131 662 2223 solida·
676 2131 814 2194 felicitas:
834 2135 892 2194 acsi
902 2133 1034 2226 diceret,
1054 2077 1199 2222 absurdum
1210 2141 1260 2204 eut¹

147 2213 416 2353 :aanfflffint
435 2229 466 2269 ru
485 2220 563 2269 terra
582 2209 850 2272 subsudauteornm
863 2229 988 2286 ammae,
1008 2229 1135 2292 quorum
1154 2199 1250 2267 ruenda

191 2583 272 2657 (58.)
313 2577 485 2644 MA'PTH.
505 2577 562 2642 Vl.
604 2578 656 2642 22.
682 2579 831 2644 Lucerna
859 2579 1007 2666 corporis
1030 2589 1080 2644 est
1101 2573 1214 2644 oculos:
1233 2569 1260 2650 si}

149 2683 248 2768 igitur
268 2675 384 2742 oculus
404 2687 479 2741 tuus
494 2673 629 2766 simplex
651 2677 758 2758 fuerit,
778 2689 880 2745 tutum
901 2701 1020 2766 corpus
1037 2689 1128 2746 tuum
1142 2665 1260 2746 tuntum]

152 2783 222 2846 erit
262 2779 314 2844 23.
347 2775 478 2863 Quodsi
509 2773 625 2844 oculus
656 2787 732 2844 tuus
759 2777 862 2846 malus
893 2780 1004 2858 fuerit,
1034 2790 1137 2846 totum
1164 2767 1260 2862 corpu}

149 2891 240 2946 tuum
262 2875 473 2944 tenebrosum
494 2882 564 2944 erit.
610 2878 698 2964 Ergo
719 2873 747 2944 si
767 2879 894 2960 lumen,
924 2879 1015 2968 qood
1043 2891 1093 2946 est
1113 2881 1145 2944 in
1163 2885 1203 2952 te,
1222 2877 1260 2956 ir,

150 2978 276 3047 nebrae
304 2987 393 3057 sunt,
429 2981 520 3066 ipsae
553 2977 711 3046 tenebrae
739 2985 901 3068 quantae?
953 2979 1006 3044 24.
1043 2981 1148 3046 Nemo
1175 2975 1252 3062 potest

152 3077 282 3148 duobus
304 3079 444 3148 dominis
469 3081 607 3147 servire:
632 3092 688 3146 aut
707 3085 793 3148 euim
813 3079 901 3148 huuc
918 3079 1054 3147 habebit
1072 3080 1163 3154 odiu,
1180 3084 1207 3138 et
1222 3065 1252 3132 al·

149 3193 254 3250 terum
277 3181 403 3270 diliget,
424 3190 480 3247 aut
499 3180 576 3246 huic
594 3179 792 3259 adhaerebit
814 3191 847 3248 et
866 3181 1001 3249 alterum
1019 3181 1165 3270 negliget
1198 3169 1252 3236 N⁰¹

150 3285 288 3370 potestis
307 3283 384 3351 Deo
406 3284 529 3348 servire
552 3291 585 3348 et
604 3302 814 3348 mammonae.
1259 3307 1260 3324 ἢ

236 3431 339 3498 LUC.
361 3433 413 3496 xt
456 3431 509 3498 34.
530 3433 680 3496 Lucerna
695 3433 843 3518 corporis
858 3438 906 3497 eal
920 3431 1049 3500 oculus:
1074 3451 1165 3520 quum
1183 3423 1251 3508 igilffl

152 3529 268 3598 oculus
288 3542 363 3596 tuus
383 3529 482 3598 fuerit
501 3531 650 3620 simplex,
677 3543 778 3600 totum
800 3555 933 3620 quoque
957 3555 1078 3622 corpus
1098 3545 1179 3602 mun
1196 3519 1260 3590 ¹⁰47

152 3629 231 3698 dum
252 3634 330 3700 erit:
355 3631 475 3718 quodsi
494 3633 597 3700 malus
617 3633 733 3711 fuerit,
760 3635 856 3698 etiam
877 3654 996 3720 corpus
1015 3647 1105 3700 tunm
1133 3623 1251 3696 tenebre

152 3751 223 3796 aum
245 3735 315 3796 erit
355 3733 406 3796 35.
427 3731 516 3798 Vide
530 3755 618 3822 ergo,
634 3755 679 3799 ne
700 3733 818 3811 lumen,
839 3733 930 3820 quod
950 3737 985 3799 in
1006 3745 1039 3800 te
1059 3743 1114 3816 est,
1129 3723 1260 3812 tenebrae

152 3833 226 3900 sint
267 3833 318 3898 36.
344 3829 381 3896 Si
408 3851 485 3918 ergo
508 3855 627 3922 corpus
655 3843 744 3900 tuum
775 3843 877 3900 totum
906 3833 1006 3900 fuerit
1031 3833 1179 3906 lucidum,
1200 3837 1247 3888 ¹1⁰⁰

152 3929 279 3998 habena
300 3929 442 4016 aliquam
464 3945 588 4020 partem
609 3934 832 4013 tenebrosam,
860 3938 922 4000 erit
941 3933 1084 4001 lucidum
1108 3941 1208 4000 rotun.
1226 3923 1260 3978 ⁸¹¹

154 4053 254 4120 quum
275 4029 410 4094 lucerna
430 4031 559 4117 fulgore
580 4033 740 4102 illuminat
760 4047 802 4101 te.
849 4035 938 4101 XVI.
974 4037 1025 4102 13.
1051 4033 1247 4102 Nemorensi

153 4141 263 4220 potest
284 4129 413 4197 duobus
442 4131 581 4200 dominis
602 4139 740 4202 servire:
773 4145 827 4202 aut
856 4139 941 4203 euim
968 4160 1066 4206 unum
1088 4131 1161 4204 odiu
1179 4117 1247 4190 heli·

154 4231 218 4314 bit,
250 4245 284 4302 et
303 4230 440 4298 altarum
460 4233 590 4322 diliget,
621 4239 751 4302 autumi
773 4234 978 4316 adhaerebit,
1003 4249 1037 4305 et
1057 4236 1179 4302 atterum
1196 4233 1260 4322 (Ψ

155 4343 286 4402 temnet.
325 4335 404 4404 Non
424 4340 561 4424 potonis
581 4337 658 4405 Deo
679 4339 803 4404 seruire
824 4346 859 4403 et
878 4357 1087 4406 mammonae.
