2678 4860
318 172 401 254 (m
441 171 572 238 Christus
591 173 982 258 macerabuntur.)
1155 181 1216 248 86ss
1285 241 1289 252 ,

134 319 252 540 ,Α
275 323 323 388 24.
364 325 481 394 Videas
512 335 614 388 uertens
641 325 773 394 Pilutus.
832 325 1083 406 Quemadmodum
1109 339 1212 394 mutae

67 397 132 462 vim
214 419 293 460 orem
321 401 492 486 tempestatis
521 403 632 484 experti
665 403 699 464 ad
730 415 886 466 extremum
918 405 1037 484 cedunt,
1074 415 1103 470 et
1125 407 1210 466 se'in

67 494 150 538 con·
203 497 250 537 um
270 497 384 539 cursuro
408 479 469 559 rapi
494 478 604 540 sinunt:
637 478 675 540 ita
696 478 815 552 Pilatus,
845 501 876 542 se
899 479 1035 562 imparem
1058 481 1156 545 ridens
1175 481 1211 543 ad

68 553 313 634 compescendum
340 555 438 636 populi
465 567 598 631 rnatum,
624 555 751 637 deposita
775 555 873 618 iudicis
902 558 1068 622 auctoritate
1095 559 1211 620 insana

68 627 210 692 clusores
229 630 365 718 sequitur.
406 631 575 712 Quanquam
594 643 689 693 autem
708 633 756 692 diu
774 632 904 694 resistere
924 646 1041 698 conatus
1060 645 1130 770 eraq
1148 655 1210 694 nou

67 715 169 766 nmen
194 727 258 767 eum
287 717 399 767 excusat
422 707 589 782 necessitas,
620 708 684 788 quia
711 708 804 789 potius
827 709 934 788 quidvis
959 710 1087 791 perferre
1132 709 1212 771 ebuit

67 803 158 862 qnam
176 781 212 843 ab
232 781 329 844 officio
349 783 509 846 deflectere.
553 783 615 846 Nec
635 805 704 844 vero
726 783 835 864 culpam
855 785 914 848 eius
929 786 1007 866 levat
1026 785 1141 868 puerilis
1161 806 1209 848 ce-

70 859 218 936 remonia,
231 880 297 938 qua
316 859 418 922 utitur:
443 860 588 940 quomodo
607 859 683 920 euim
703 859 815 922 sceleris
835 859 926 922 labem
945 863 1120 946 abstergeret
1140 882 1210 942 pan-

69 935 114 998 eis
133 956 149 994 a
170 955 222 996 uae
240 935 337 1019 guttis,
356 956 427 1016 quae
447 935 529 998 nullis
548 936 662 1017 piaculis
682 935 770 996 deleri
789 939 917 1018 poterat?
937 939 1105 1020 Quanquam
1125 939 1210 1001 etiam

69 1031 136 1072 non
150 955 211 1071 boc
235 1010 383 1092 praecipue
407 1013 559 1092 spectavit,
590 1024 623 1072 nt
641 1033 702 1072 suas
730 1031 825 1074 coram
845 1015 909 1074 lleu
929 1014 1047 1076 maculas
1065 1037 1119 1098 pur
1140 1025 1209 1092 aret,
1327 1049 1328 1060 ι

69 1087 124 1148 sed
143 1087 251 1170 populu
269 1087 382 1170 signum
401 1087 594 1150 detestationis
614 1089 775 1170 proposuit,
801 1089 825 1152 si
845 1089 919 1152 forte
938 1091 1109 1173 exprimeret
1119 1035 1208 1152 luro-

68 1163 110 1224 n's
128 1163 346 1244 poenitentiam:
366 1165 423 1228 acsi
442 1165 471 1226 in
492 1166 566 1226 bunc
586 1165 701 1224 mudum
720 1164 861 1256 praelatus
881 1179 970 1242 esset,
992 1167 1083 1244 Ecce,
1107 1166 1209 1250 cogitis

69 1260 120 1301 use
139 1238 175 1300 ad
195 1239 324 1302 initutarn
345 1242 460 1302 caedem
503 1241 537 1302 ad
560 1263 643 1322 quarn
663 1241 771 1322 treprde
789 1262 844 1302 nec
868 1243 930 1304 sine
951 1245 1071 1308 horrore
1089 1243 1208 1304 descen-

69 1317 120 1378 do.
162 1315 241 1392 Quid
260 1337 332 1400 ergo
351 1317 433 1380 rubis
455 1285 581 1377 intusum
608 1329 666 1392 est,
690 1329 732 1378 et·
763 1338 826 1378 uam
849 1318 943 1399 gravis
966 1340 1018 1382 rus
1037 1330 1133 1382 manet
1151 1317 1209 1402 Dei

69 1391 212 1466 vindicta,
259 1393 286 1452 ui
305 1393 449 1474 praecipui
468 1393 532 1455 estis
551 1391 700 1454 auctores?
782 1405 889 1456 eterurn
909 1395 1044 1475 qualecun
1085 1394 1209 1459 eluerit

11 1531 12 1552 3
69 1467 223 1530 consilium
238 1414 338 1546 litati,
365 1469 444 1532 Deus
464 1481 560 1532 ῑιιιιιειι
579 1469 635 1530 boc
654 1465 740 1531 modu
759 1480 888 1532 testatam
908 1471 1000 1534 voluit
1017 1471 1053 1532 Fi
1064 1472 1083 1532 ii
1101 1471 1144 1532 sui
1163 1470 1209 1530 in-

69 1543 251 1619 nocentiam,
280 1567 337 1636 quo
361 1544 461 1606 melius
478 1557 594 1636 pateret
617 1545 646 1605 iu
671 1566 706 1609 eo
730 1545 859 1606 danmata
884 1567 944 1608 esse
966 1559 1081 1629 peccata
1100 1559 1208 1610 nostra.

69 1619 188 1682 Sistitur
205 1621 240 1683 ad
258 1621 383 1682 tribunal
402 1621 499 1684 iudices
519 1621 626 1685 terreni
649 1641 795 1702 supremus
821 1633 852 1684 et
870 1622 970 1684 unicus
989 1623 1086 1686 muudi
1104 1622 1207 1684 Index:

69 1695 222 1759 &meatur
243 1695 278 1758 ad
297 1718 413 1760 crucem
432 1709 563 1782 tauquam
581 1697 747 1774 sceleratus,
781 1697 850 1778 quin
870 1695 952 1760 etiam
972 1697 1081 1762 locatur
1098 1699 1209 1762 medius

70 1773 149 1836 inter
167 1771 307 1850 lauones,
335 1773 414 1854 quasi
440 1795 538 1838 corum
560 1774 725 1858 princeps„
745 1773 846 1836 Posset
865 1775 926 1836 talis
944 1775 1096 1858 spectaculi
1115 1773 1207 1836 soedi-

69 1861 114 1912 tas
153 1849 225 1912 rimo
245 1847 349 1912 intuitu
369 1870 467 1912 sensus
486 1849 625 1912 hunuanus
645 1872 704 1911 nou
725 1871 824 1930 parurn
842 1851 975 1928 turbare,
999 1851 1052 1912 nisi
1072 1869 1207 1914 occurre-

70 1936 118 1988 ret
131 1871 210 1988 laec
228 1925 318 2002 ratio,
344 1948 481 2008 poenam,
511 1947 582 2006 quae
600 1948 653 1988 nos
673 1925 823 2002 manebat,
849 1925 966 1988 Christo
986 1926 1071 1990 fuisse
1090 1928 1128 1990 im
1149 1927 1209 1988 usi-

11 2015 15 2032 ‘
72 2015 147 2076 tam,
171 2012 205 2063 ut
227 2023 306 2064 nnnc
324 2001 434 2066 sublato
457 2013 540 2064 reatu
567 2023 627 2064 uon
647 2001 804 2066 dubitemus
823 2002 852 2062 in
871 2015 1056 2083 conspectum
1077 1949 1207 2068 coelestis

11 2123 12 2128 κ
68 2077 177 2142 Iudicis
194 2077 319 2159 prodire.
377 2079 457 2162 Ergo
481 2100 497 2141 a
518 2099 565 2154 ua,
595 2098 666 2158 qnae
684 2077 778 2139 Pilato
802 2077 836 2140 ad
863 2078 993 2140 eluendas
1016 2080 1114 2141 sordes
1137 2075 1209 2140 nibil

70 2151 194 2238 proluit,
213 2153 242 2215 in
259 2153 344 2216 alium
363 2176 444 2216 usum
462 2100 548 2217 bodie
559 2154 652 2215 valere
671 2153 765 2229 debet,
785 2164 818 2215 ut
837 2153 935 2215 oculos
955 2166 1069 2218 nostros
1087 2155 1122 2218 ab
1143 2175 1207 2216 orn-

70 2231 160 2323 nibus
175 2229 384 2323 impedimentis
404 2243 526 2316 purget,
544 2251 602 2314 quo
620 2229 724 2312 liquide
742 2230 773 2294 iu
792 2229 884 2293 media
903 2231 1082 2296 damnatione
1102 2229 1208 2294 Christi

69 2319 205 2370 rusutram
225 2309 409 2388 conspiciant.

148 2385 198 2448 25.
226 2383 363 2465 Sanguis
380 2387 446 2447 eius
464 2405 553 2464 super
570 2405 632 2445 nos.
670 2383 740 2444 Nou
761 2381 876 2444 dubium
896 2395 951 2460 est,
971 2383 1039 2466 quin
1057 2403 1157 2450 secure
1175 2402 1207 2444 se

69 2459 241 2522 devoverint
259 2461 370 2538 ludaei,
388 2460 445 2523 acsi
463 2459 533 2521 iusta
551 2459 604 2522 illis
624 2480 721 2522 coram
738 2459 804 2521 Deo
823 2461 897 2523 ratio
915 2460 1139 2524 consuesceret
1157 2479 1207 2520 ae·

69 2535 113 2597 lus
133 2535 357 2600 inconsideratus
377 2557 501 2617 eousque
520 2536 596 2618 ipsos
616 2535 790 2618 praecipitat,
808 2547 841 2596 ut
859 2535 949 2599 scelus
968 2535 1136 2618 inexpiabile
1155 2535 1206 2596 de-

85 2613 93 2628 '
241 2613 363 2677 sollenni
393 2633 508 2694 quoque
537 2611 692 2674 devotione
714 2633 794 2694 spem
823 2613 923 2674 veniae
951 2613 1004 2676 sbi
1031 2609 1204 2674 abscindant.

68 2689 150 2754 Hunc
169 2687 341 2780 colligimus,
380 2711 444 2750 uam
460 2687 579 2750 sollicite
596 2686 721 2750 cavenda
740 2687 778 2748 sit
796 2687 826 2746 in
845 2687 977 2766 omnibus
995 2687 1104 2752 iudiciis
1122 2707 1206 2770 prae·

69 2789 104 2829 ce
159 2778 309 2828 temeratus.
376 2787 421 2828 am
445 2762 495 2826 ubi
520 2765 626 2826 audent
646 2761 775 2826 homines
796 2763 928 2847 neglecta
945 2765 1127 2846 inquisitione
1148 2765 1205 2825 boc

69 2867 89 2908 n
136 2837 205 2902 illnd
225 2843 365 2925 arripere,
402 2853 489 2924 prout
507 2840 598 2904 ιιίιιιιιι
618 2849 675 2918 est,
693 2840 805 2900 tandem
823 2861 840 2900 a
858 2861 947 2905 coeco
964 2841 1070 2934 impetu
1089 2855 1206 2905 necesse

70 2932 116 2982 est
135 2917 171 2982 ad
191 2917 317 2982 tuorem
339 2917 416 3001 ipsus
439 2915 538 2978 delabi.
580 2915 677 2996 Atque
699 2915 771 2978 baec
793 2915 865 2978 iusta
888 2927 932 2979 est
955 2917 1012 2979 Der
1035 2917 1120 2993 uuo,
1150 2936 1205 2997 qua

176 2993 254 3056 uitur
276 3015 378 3058 eorum
401 2991 574 3074 superbiam,
608 2991 656 3085 qui
678 2991 750 3054 recti
774 3002 804 3054 et
825 2991 915 3072 iniqui
935 2992 1076 3056 delectum
1098 2991 1206 3056 habere

68 3093 133 3134 nun
180 3069 322 3162 {guantur
359 3071 500 3132 Poterant
525 3069 636 3146 Iudaea,
676 3067 822 3130 Christum
850 3069 1010 3132 occidendo
1034 3079 1146 3162 grauun
1173 3088 1205 3130 se

68 3147 241 3228 obsequrum
260 3149 327 3210 Deo
346 3157 498 3229 praestare:
521 3145 570 3208 sed
589 3143 664 3205 unde
683 3165 786 3225 pravus
807 3142 854 3205 bic
874 3164 967 3220 error,
997 3145 1049 3206 nist
1068 3167 1102 3206 ex
1118 3143 1205 3224 impia

11 3283 12 3294 ,
70 3224 252 3286 coutumacia
270 3235 300 3286 et
317 3222 401 3305 ipsius
419 3222 476 3283 Dei
496 3221 679 3302 contemptu?
723 3219 822 3310 Quare
841 3219 943 3283 merito
962 3221 993 3282 in
1015 3221 1089 3282 hanc
1107 3241 1204 3282 ameu-

11 3299 13 3320 '
68 3301 140 3364 t'nm
161 3299 281 3382 proiecti
299 3311 379 3376 suot,
406 3309 439 3360 ut
464 3297 519 3360 sibi
539 3298 669 3359 ultimum
688 3296 804 3358 cxiuum
821 3309 1007 3360 arcesserent..
1043 3297 1105 3360 Nos
1124 3295 1205 3372 velo,

11 3383 12 3408 ¹
70 3373 122 3440 nbi
141 3376 178 3438 de
196 3375 275 3439 cultu
292 3374 349 3436 Dei
368 3387 397 3437 et
413 3375 498 3438 sacris
518 3373 576 3436 eius
595 3373 735 3456 mysteriis
753 3373 855 3456 agitur,
872 3373 969 3436 oculos
987 3395 1003 3434 a
1024 3374 1098 3435 erire
1115 3371 1204 3434 disca-

70 3473 150 3529 mus,
172 3463 203 3514 et
220 3463 387 3516 reverenter
403 3451 555 3530 sobrieque
573 3451 609 3512 de
629 3471 709 3511 causa
728 3468 919 3532 cognoscere,
943 3471 981 3511 ne
999 3396 1155 3534 dypucrisis
1173 3457 1204 3510 et

68 3527 186 3591 andacia
203 3540 321 3612 stupore
337 3549 391 3590 uos
410 3528 583 3590 dementent.
621 3526 713 3588 Sicuti
735 3536 828 3590 autem
854 3547 996 3604 nunquam
1015 3547 1109 3608 passus
1131 3536 1205 3586 esset

69 3605 153 3668 neu
172 3603 370 3668 exsecrandam
388 3604 461 3666 banc
478 3624 580 3666 rocem
599 3602 719 3693 effluere
738 3621 772 3664 en
791 3622 843 3664 ore
861 3601 967 3738 populi,
986 3602 1039 3664 uisi
1058 3603 1135 3740 ppips
1153 3600 1204 3662 de-

155 3691 184 3742 ta
203 3679 301 3744 lubeat
319 3681 378 3753 eins
395 3681 539 3762 impietas,
560 3678 599 3738 ita
617 3691 690 3740 ruste
709 3697 770 3740 eam
790 3679 895 3740 burren
916 3700 938 3740 rs
957 3687 987 3739 et
1004 3679 1066 3742 iuro
1078 3679 1122 3740 'ns
1140 3698 1203 3744 mo-

67 3703 238 3849 mostm
262 3757 339 3820 ultus
356 3767 411 3820 ess:
444 3769 474 3820 et
493 3765 589 3816 tamen
608 3753 764 3818 incredibili
782 3753 917 3818 miraculo
936 3755 1066 3836 quasdam
1085 3753 1140 3816 eibi
1156 3773 1204 3814 re·

68 3832 171 3914 liquat
187 3833 331 3972 sernqu,
341 3853 379 3896 ne
397 3831 498 3896 loedus
515 3851 597 3893 suum
617 3830 845 3914 exstingueretur
859 3830 947 3892 totius
965 3831 1059 3914 gentis
1076 3827 1202 3892 interitu.

70 3907 271 3992 Adoptarerat
333 3909 461 3972 isemeu
481 3905 625 3986 Abrabae,
653 3917 685 3968 nt
709 3917 783 3970 esset
800 3927 871 3990 gens
891 3907 979 3969 electa
1019 3927 1141 3990 regnum
1159 3925 1205 3968 sa-

71 3983 217 4050 cauete
258 4007 370 4048 neum
393 3983 547 4068 pentum,
575 3995 604 4046 a
627 3982 789 4048 uacum
812 3983 913 4074 ‚nunc
936 3948 1004 4075 rugia
1116 4057 1124 4073 ι

71 4061 182 4146 gratiae
236 4060 417 4146 negationem
441 4059 519 4143 quasi
542 4079 599 4122 nna
623 4079 696 4123 voce
722 4071 897 4140 conspuant:
928 4081 990 4180 quas
1014 4079 1072 4121 uon
1095 4056 1206 4150 drcmet

71 4149 165 4200 totam
183 4150 303 4224 gentem
326 4137 460 4202 radicittu
483 4158 500 4200 a
526 4156 619 4231 reguo
642 4135 699 4199 Dei
723 4133 845 4226 evulsam
868 4155 941 4200 esse.
988 4133 1047 4204 Sed
1072 4133 1151 4200 Deus
1173 4155 1205 4196 ιιι

72 4215 200 4278 'sorum
223 4213 339 4298 pertidia
363 4213 479 4276 illustrat
501 4211 566 4276 fider
588 4232 655 4276 suae
677 4223 877 4288 corutantram,
905 4223 1003 4294 atque,
1035 4223 1069 4274 ut
1089 4231 1121 4276 se
1145 4231 1206 4272 non

197 4287 299 4358 foedus
319 4313 384 4356 eum
402 4287 547 4356 mutarn
565 4288 708 4376 pepigisse
735 4284 881 4370 ostentat,
916 4307 990 4370 quos
1011 4287 1098 4375 gratis
1119 4285 1207 4374 etegit

1006 3982 1032 4046 ei
1053 3981 1087 4044 ad
1109 3993 1205 4044 mutae
