2560 4840
188 245 225 290 vt
420 273 425 282 s
600 223 905 290 AtthtttttttTutt.

189 375 287 435 Etiam
307 372 453 434 etAmen.
491 371 532 432 Et
551 381 634 434 certe
651 369 780 455 gratuita
799 369 936 453 adoptio,
955 389 1013 452 qna
1025 369 1150 431 hliiDei
1169 367 1257 432 elhciu

188 469 265 529 sicot
283 465 321 528 ah
339 477 462 527 aeterno
482 463 578 526 Patris
597 462 786 544 heneplacito
805 475 921 540 manat,
946 463 986 524 ita
1010 463 1043 524 iu
1065 483 1103 525 eo
1128 463 1212 524 nobis
1232 483 1257 542 pt

188 561 265 622 sacta
284 570 339 635 est,
358 556 438 638 quod
450 555 585 618 Christus
603 555 672 637 (qui
692 556 796 617 unicus
815 567 916 617 natura
927 555 1018 618 Filius
1038 561 1096 634 est)
1116 575 1202 618 carne
1219 575 1257 620 not

188 653 308 714 indutus
326 671 383 712 nos
401 647 459 708 sibi
478 648 509 708 in
530 647 635 710 iratres
653 650 763 710 ascivit.
800 649 947 729 Expiatio,
967 670 1024 729 qua
1036 649 1176 711 delentur
1192 668 1257 728 pecc

189 763 228 806 ne
252 743 375 824 amplius
399 740 567 802 maledictio
594 753 624 803 et
648 742 752 802 mortis
778 740 918 802 iudicium
936 742 1024 804 nohis
1044 740 1228 816 incumbant,
1252 761 1257 816 r

188 836 262 899 alihi
282 856 367 916 quarn
391 835 423 895 in
447 833 592 896 sacrificio
615 833 720 895 mortis
743 833 805 895 eius
826 836 1001 914 quaerenda.
1052 834 1168 895 Iustitia
1191 846 1220 894 ct
1240 825 1257 894 sl

188 929 379 1010 perfectaque
409 927 533 990 felicitas
568 927 600 988 in
632 927 695 988 eins
725 927 944 988 resurrectione
975 927 1099 989 lundata
1130 939 1183 988 est.
1234 925 1257 986 ll

187 1020 381 1104 Evangelium
399 1019 542 1082 sollennis
562 1029 608 1080 est
625 1017 828 1102 promulgatio
849 1019 885 1080 de
904 1019 982 1081 Filio
1002 1021 1063 1081 Dei
1082 1021 1114 1080 in
1134 1037 1219 1080 carne
1236 1035 1257 1076 u

188 1115 264 1193 bito,
284 1125 319 1174 ut
336 1113 485 1196 perditum
504 1111 646 1172 mundum
665 1113 818 1188 instauret,
837 1133 870 1174 ac
882 1113 1017 1175 homines
1035 1112 1257 1175 restituatexmc

188 1209 221 1269 in
239 1207 338 1271 vitam.
388 1205 454 1266 Nec
472 1203 525 1266 ahs
544 1223 579 1264 re
597 1203 694 1266 honus
713 1216 837 1266 vocatur
861 1224 894 1266 ac
913 1203 1007 1280 laetus
1033 1205 1173 1280 nuntius,
1202 1207 1257 1282 quat

187 1303 219 1363 in
239 1319 277 1360 co
298 1299 470 1362 continetur
487 1297 620 1380 perlecta
637 1295 779 1358 felicitas:
805 1296 871 1359 finis
890 1297 969 1358 euim
989 1309 1049 1375 est,
1068 1309 1104 1360 ut
1121 1315 1238 1380 regnum
1254 1291 1257 1356 l

188 1395 220 1455 in
240 1393 328 1456 nohis
346 1390 500 1466 inchoans,
520 1387 631 1452 abolita
650 1389 743 1451 carnis
764 1391 968 1471 corruptione,
987 1393 1095 1474 spiritu
1113 1399 1257 1452 renovatol

187 1483 348 1548 coelestem
367 1485 491 1570 gloriam
510 1482 645 1544 deducat.
685 1481 753 1556 Qua
772 1483 890 1544 ratione
907 1503 996 1566 saepe
1011 1485 1151 1566 Regnum
1169 1479 1257 1542 coelot

187 1590 386 1661 nuncupatur,
405 1589 437 1638 ct
454 1573 626 1638 instauratio
647 1572 751 1634 heatae
771 1575 847 1635 ritae
867 1596 922 1656 per
942 1576 1094 1639 Christum
1116 1575 1208 1650 allata,
1224 1573 1257 1634 inl

187 1671 257 1734 dum
277 1691 401 1754 regnum
420 1671 495 1732 Dei:
520 1680 569 1744 ut,
588 1689 678 1747 quum
697 1667 813 1730 Marcus
831 1668 898 1744 (15,
916 1671 980 1748 da)
1000 1669 1073 1732 dicit
1091 1667 1198 1750 Ioseph
1216 1683 1257 1748 cul

190 1777 284 1826 ctasm
304 1785 428 1846 regnum
440 1764 509 1838 Dei,
529 1759 634 1843 procul
655 1758 746 1821 duhio
766 1759 803 1820 ad
813 1760 937 1823 Messias
956 1763 1115 1824 adventum
1133 1763 1163 1823 id
1182 1759 1257 1830 relect

191 1856 279 1918 Unde
299 1867 430 1932 constat,
453 1856 484 1916 in
503 1856 621 1916 Novum
640 1851 863 1930 Testamentum
889 1856 1013 1936 proprie
1032 1867 1201 1938 competere
1219 1841 1257 1910 Evl

187 1949 259 2033 gelii
277 1968 399 2025 nomen,
418 1967 474 2008 nec
493 1947 561 2008 satis
573 1945 710 2008 distincte
730 1967 781 2009 eos
800 1945 886 2026 loqui
903 1949 1075 2029 scriptores,
1095 1949 1145 2030 qui
1164 1963 1257 2024 commu

186 2041 310 2104 saeculis
336 2041 474 2102 omnihus
497 2039 623 2116 faciunt,
653 2061 710 2101 nec
733 2040 900 2121 Prophetas
927 2041 1025 2103 miuus
1051 2062 1138 2123 quam
1157 2029 1257 2118 Apostd

185 2133 339 2218 Evangelii
358 2133 506 2198 ministros
525 2151 588 2194 csse
608 2143 723 2213 putant.
760 2132 867 2214 Longe
886 2132 971 2196 aliter
983 2133 1131 2211 Christus,
1149 2133 1196 2212 qui
1204 2131 1257 2208 heg'

187 2238 219 2290 ct
237 2225 403 2308 Prophetas
421 2244 513 2306 usquc
531 2224 568 2286 ad
587 2223 732 2287 loannem
751 2226 878 2307 viguiero
898 2225 1008 2288 docens
1027 2227 1112 2298 (Luc.
1126 2232 1173 2300 16,
1190 2227 1257 2308 1th

187 2339 225 2381 eo
244 2330 381 2399 tempore
400 2318 577 2402 pronuntiat
597 2315 791 2402 evangelizari
811 2329 950 2398 coeptum
969 2337 1032 2380 esse
1051 2319 1112 2381 Dei
1131 2337 1257 2400 regnum„

185 2410 303 2477 Marcus
315 2409 467 2494 Evangelii
486 2411 638 2475 exordium
656 2409 687 2470 in
706 2409 828 2472 Ioannis
846 2409 1070 2492 praedicatione
1086 2413 1194 2486 statuit,
1207 2417 1257 2468 ott

184 2524 242 2588 per
259 2506 370 2566 dictum
394 2516 448 2566 est.
488 2504 646 2564 Caeterum
679 2523 741 2564 non
772 2515 886 2566 temere
912 2516 1039 2586 quatuor
1070 2505 1208 2580 historiis,
1234 2521 1257 2580 ql

186 2597 340 2661 Christum
357 2594 529 2656 Mediatoris
556 2596 657 2658 olhcio
684 2593 856 2658 defunctum
888 2617 950 2660 esse
980 2613 1119 2676 narrant,
1146 2587 1257 2674 noninal

186 2689 254 2750 data
278 2688 336 2749 luit
360 2687 432 2748 haec
456 2686 620 2768 inscriptio.
663 2689 738 2750 Nam
763 2711 853 2770 quum
875 2691 987 2754 Christi
1012 2693 1160 2766 nativitas,
1182 2707 1257 2750 mora

184 2778 364 2842 resurrectio
383 2788 477 2840 totam
495 2778 596 2842 salutis
614 2791 734 2842 nostrae
753 2803 894 2845 summam
912 2784 943 2845 iu
963 2805 995 2848 se
1015 2787 1199 2856 contineant,
1218 2777 1257 2844 adt

184 2893 244 2954 que
264 2875 384 2954 propria
402 2871 462 2932 sint
480 2871 541 2932 eins
561 2872 697 2950 materia,
717 2875 824 2938 merito
844 2889 973 2960 apteque
991 2879 1191 2964 Evangelistae
1208 2871 1257 2954 dicq

183 2977 248 3046 tur,
275 2966 326 3047 qui
346 2964 496 3028 Christum
516 2985 533 3027 a
551 2965 641 3028 Patre
660 2965 779 3028 missum
798 2981 867 3030 ante
892 2972 997 3036 oculos
1022 2977 1257 3054 repraesentantur

184 3079 254 3120 cum
273 3059 377 3120 heatae
396 3060 472 3121 vitae
492 3070 643 3121 auctorem
654 3071 794 3142 agnoscat
814 3061 885 3124 fides
904 3077 1015 3126 nostra.
1047 3067 1116 3126 Vim
1135 3073 1164 3124 et
1174 3057 1257 3140 ellectt

184 3151 328 3216 adventus
356 3151 418 3214 eius
449 3153 541 3235 magis
572 3152 738 3234 exprimunt
762 3153 811 3215 alii
830 3155 908 3218 Novi
929 3157 1111 3219 Testamenti
1136 3151 1206 3216 lihri.
1236 3145 1257 3232 lq

183 3245 312 3307 Ioannes
328 3245 382 3306 hac
402 3245 434 3306 in
454 3259 537 3328 parte
557 3245 681 3308 multum
693 3245 794 3307 differt
812 3269 828 3308 a
848 3249 943 3312 tribus
962 3251 1095 3332 reliquis,
1116 3243 1192 3329 quod
1208 3237 1257 3320 inl

183 3337 320 3420 plicanda
340 3338 450 3401 Christi
468 3339 576 3401 virtute
597 3350 628 3400 et
648 3339 762 3416 lructu,
786 3341 837 3421 qui
856 3342 925 3404 iude
944 3343 981 3405 ad
1001 3365 1055 3405 nos
1074 3335 1219 3425 provenit,
1238 3329 1257 3414 lq

182 3442 264 3493 totus
275 3442 329 3506 est,
349 3452 438 3510 quum
451 3431 493 3492 illi
512 3432 543 3492 in
562 3453 623 3496 uuo
637 3433 733 3512 capite
745 3434 836 3516 magis
850 3433 995 3512 insistant,
1016 3435 1164 3498 Christum
1179 3435 1257 3508 nostrq

182 3523 266 3586 illum
292 3543 354 3585 esse
378 3524 437 3585 Dei
466 3525 591 3602 Filium,
622 3525 672 3605 qui
700 3526 860 3609 promissus
892 3539 955 3589 erat
981 3529 1093 3592 mundo
1122 3523 1257 3600 Redempll

181 3616 359 3678 Doctrinam
390 3617 507 3698 quidem
536 3620 718 3682 interserunt
746 3619 783 3679 de
808 3619 920 3684 Christi
950 3621 1067 3701 olhcio,
1097 3631 1130 3680 nt
1152 3625 1257 3692 teneanq

183 3708 277 3790 qualis
301 3711 340 3770 sit
363 3711 424 3772 eins
448 3711 557 3794 gratia,
582 3723 613 3774 et
633 3734 772 3793 quorsum
797 3713 884 3776 nohis
911 3715 1009 3778 datus:
1034 3713 1257 3798 praeripuerant

183 3799 265 3882 quod
286 3800 343 3862 dixi
362 3815 464 3884 agunt,
484 3803 637 3886 impletum
657 3824 719 3868 esse
739 3807 769 3866 in
781 3804 893 3868 Christi
912 3809 980 3870 Iesu
999 3828 1126 3892 persona
1139 3795 1257 3886 quodllt

182 3892 220 3956 ab
240 3893 326 3956 initio
346 3897 494 3977 pollicitus
515 3897 621 3960 luerat.
660 3900 765 3980 Neque
785 3900 864 3960 euim
885 3902 997 3966 animus
1017 3901 1074 3964 illis
1091 3897 1137 3964 vel
1156 3886 1257 3956 consilil

182 3983 250 4064 suit,
271 3985 382 4070 Legem
402 4011 436 4052 ac
455 3991 620 4074 Prophetas
639 3993 755 4076 scriptis
774 3993 833 4055 suis
853 3993 986 4070 abolere,
1008 3985 1236 4075 quemadmodum

183 4079 274 4140 natici
293 4081 590 4162 quidamsomniant,
614 4106 826 4168 supervacuum
846 4109 925 4149 nunc
944 4107 1006 4150 esse
1027 4089 1117 4150 Vetus
1137 4083 1257 4152 Tttltffli

182 4185 263 4251 tum,
282 4193 317 4234 cx
336 4195 395 4254 quo
415 4197 470 4258 per
489 4175 638 4241 Christum
659 4190 690 4240 et
707 4177 872 4261 Apostolos
892 4181 1037 4263 patefacta
1060 4177 1144 4243 nohis
1163 4171 1214 4236 luit
1229 4175 1257 4244 td

182 4265 263 4332 lestis
281 4267 441 4350 sapientiae
459 4272 580 4334 veritas:
607 4273 679 4353 quin
703 4272 803 4352 potius
823 4274 974 4338 Christum
998 4275 1091 4362 digito
1115 4257 1257 4340 monstrati
