2596 4840
320 249 429 328 (24
446 247 582 336 Augetur
600 249 786 332 Zachariae.)
1077 257 1118 326 13

53 391 113 470 aul,
135 389 236 474 quaudo
256 392 347 456 virum
365 413 430 456 uon
453 393 624 478 cognosco?
655 415 743 476 quam
762 406 862 458 tamen
880 391 1013 479 Angelus
1032 394 1118 460 dissi-

53 469 124 543 urlat,
148 467 198 530 acsi
218 467 283 530 uihrl
306 481 380 530 esset
405 469 436 530 in
457 491 491 531 ea
511 471 583 532 vitii.
635 471 698 556 Qui
717 471 750 532 fit
770 493 860 554 ergo,
890 484 925 532 ut
949 471 1117 538 Zachariam

51 547 102 622 quasi
116 546 251 626 gravissimi
272 545 383 626 peccati
407 566 490 608 reum
515 558 576 632 tam
598 568 699 612 severe
725 549 849 631 castiget
867 549 969 610 Deus?
1007 551 1117 616 Fateor

50 621 152 700 equidem,
167 621 189 682 si
206 621 286 682 rerba
305 633 442 685 mutunus
466 634 612 700 ectentur,
630 625 676 686 uel
696 646 795 706 parem
818 623 904 686 luisse
924 625 956 685 in
977 625 1116 688 omnihus

50 699 139 776 culpam,
162 697 203 762 rel
220 697 381 758 Zachariam
408 646 480 760 nihil
505 721 650 793 peccasse.
700 699 759 762 Sed
782 723 870 782 quum
892 699 968 762 sacta
989 715 1017 762 et
1038 701 1117 770 dicta

49 772 154 832 lonicum
171 794 200 834 en
217 775 307 836 cordis
321 775 430 835 ellectu
449 789 603 838 aestumare
623 778 790 849 conveniat,
808 776 868 838 Dei
888 777 986 858 potius
1005 777 1115 840 iudicio

48 851 142 985 pppdnqq
158 861 207 940 est,
234 849 279 941 cui
324 864 406 987 atqpt
419 854 574 989 ·⁰⁶,⁰1¹3¹¹⁸·⁰d
589 853 688 990 εάοτίιέῖεΙ
714 851 852 989 latehpae.
869 950 885 990 e
903 851 1116 991 bVaidptuprorcp}

49 947 362 1084 aldanhmilhhdnided
384 949 554 1085 iiimipsiiirl¹¹
565 951 734 1080 excinddits:
754 951 1115 1088 qdlutidvpiomisiampsibi

49 1081 128 1150 cutiam
150 1079 295 1140 diffidentia
320 1078 487 1160 repelleret.
519 1081 602 1160 ¹Non
629 1093 673 1142 est
692 1082 812 1164 quidem
832 1096 983 1158 nostrum,
1015 1081 1114 1166 legem

48 1153 87 1212 lleo
101 1155 285 1234 praescribere,
304 1159 376 1238 quin
403 1155 530 1218 liberum
551 1157 579 1217 ei
606 1157 658 1233 sit,
683 1160 714 1218 in
740 1179 801 1218 uuo
822 1159 928 1239 punire
949 1154 1027 1236 quod
1050 1158 1114 1221 aliie

47 1233 131 1310 ignoscit
149 1231 285 1294 delictum.
331 1233 392 1292 Sed
419 1233 504 1294 lacile
529 1246 650 1314 apparet
675 1234 817 1294 diversam
842 1235 929 1311 luisse
956 1235 1114 1304 Zachariae

47 1327 127 1382 uuau,
143 1330 215 1388 quam
235 1309 323 1370 luerit
335 1307 484 1386 Abrahae,
506 1309 663 1385 Gideonis,
682 1311 728 1370 vel
747 1311 869 1371 blaciae.
908 1309 944 1372 Id
963 1311 993 1372 iu
1014 1311 1097 1373 verbi

48 1385 549 1524 secutae,sestiaca
566 1385 1056 1524 essentessent
1076 1333 1114 1526 sl

52 1531 134 1594 hlrabe
151 1483 294 1612 discernit,
327 1483 417 1618 quiam
441 1549 540 1617 tamen
565 1537 640 1599 alter
664 1538 701 1599 ab
727 1537 822 1600 altero
847 1539 878 1602 iu
902 1563 915 1599 s
938 1539 1036 1600 eciem¹
1051 1559 1115 1602 non

55 1607 126 1670 diderat
139 1611 215 1686 (Gen.
234 1621 358 1689 17„ss
384 1623 416 1674 et
439 1615 584 1691 18‚10.).
633 1614 731 1678 Porro
761 1635 845 1676 causa
873 1561 1054 1676 difidentiae
1080 1620 1113 1676 in

52 1683 134 1746 Zaclar'u
149 1690 204 1766 luit,
223 1689 304 1770 quod
324 1690 356 1750 in
373 1689 479 1750 ordine
499 1703 620 1750 naturae
639 1689 868 1754 subsistensDci
889 1693 1038 1772 potentiae
1057 1691 1113 1752 rui-

50 1781 81 1820 uas
94 1764 250 1845 tn‘buitquaua
270 1765 407 1826 decebat.
445 1766 577 1826 Nimium
597 1767 675 1828 enim
695 1768 828 1828 restricte
849 1778 880 1827 et
898 1766 1025 1850 maligne
1044 1789 1115 1829 seu·-

47 1839 93 1896 iun
106 1839 131 1900 de
145 1843 271 1922 operibus
291 1843 370 1914 Dei,
397 1842 447 1923 qui
471 1864 536 1902 uon
559 1843 624 1925 plus
651 1843 795 1906 iacturum
815 1845 941 1906 credunt
961 1866 1046 1926 quam
1065 1864 1115 1905 se-

45 1915 126 1976 curluu
141 1931 256 1981 naturam
278 1919 423 1982 credibile
444 1931 498 1994 est,
518 1921 599 2000 quasi
621 1921 682 1980 eius
701 1943 804 1982 manus
822 1921 871 1981 vel
890 1921 988 1982 sensui
1008 1931 1114 1982 nostro

44 1989 141 2068 subiecta,
159 1995 198 2056 rel
218 1997 348 2058 terrenis
373 1995 475 2056 mediis
501 1997 613 2058 inclusa
639 2010 724 2058 esset.
760 1997 852 2080 Atqui
872 1997 940 2058 fidei
960 1999 1114 2078 proprium

45 2079 80 2135 ot,
96 2069 161 2152 longe
177 2072 236 2152 plus
255 2073 381 2134 credere
402 2093 488 2151 quam
508 2071 571 2132 heri
590 2093 675 2154 posse
696 2075 788 2135 carnis
809 2073 883 2135 ratio
904 2073 1003 2134 dictet
1041 2071 1114 2132 Nou

44 2141 136 2206 lubibrio
150 2149 310 2222 Zacharias,
331 2160 408 2208 essct
432 2169 489 2208 vox
507 2149 567 2209 Dei
588 2169 697 2224 necne,
715 2151 767 2210 sed
789 2173 877 2231 quum
898 2150 984 2210 nimis
1004 2147 1113 2208 delirus

43 2233 88 2277 essct
102 2223 124 2280 iu
138 2227 247 2302 mundo,
269 2226 346 2286 obre
369 2225 457 2286 sitin
477 2224 539 2284 cius
558 2237 688 2286 mentem
709 2225 829 2306 obliqua
849 2223 1011 2300 dubitatio,
1031 2224 1114 2286 lutu-

45 2314 106 2386 ,τῦφε
120 2303 277 2382 essetquod
299 2247 441 2362 audierat.
489 2299 535 2364 Ae
564 2321 598 2362 ea
622 2301 652 2362 in
680 2322 712 2362 re
738 2324 798 2362 non
823 2302 918 2362 levem
942 2301 1009 2360 Deo
1042 2300 1114 2360 lecit

46 2391 141 2450 suumn,
157 2377 217 2454 qula
233 2378 362 2460 perinde
383 2389 446 2438 erat
465 2377 523 2438 acsi
542 2399 640 2438 secum
661 2377 835 2456 disputaret,
855 2397 980 2438 reraxnc
998 2375 1114 2436 hahen-

49 2443 234 2529 tuenstuens,
254 2475 344 2535 quem
366 2451 521 2514 constabat
539 2453 693 2534 loquuturn
708 2472 779 2514 csse.
820 2453 996 2531 Quanquam
1015 2452 1113 2512 scieu-

49 2517 138 2601 bant,
158 2551 213 2588 uon
234 2531 275 2591 ita
297 2527 481 2592 incredulum
505 2529 595 2590 fuisse
615 2529 799 2604 Zachariam,
824 2541 858 2590 ut
877 2549 996 2612 prorsus
1017 2548 1034 2588 a
1054 2526 1113 2588 fide

47 2595 167 2668 donceres
202 2607 253 2668 Est
273 2605 355 2666 enim
365 2606 511 2688 generalis
531 2607 613 2679 fides,
633 2627 708 2686 quae
728 2605 952 2686 promissionem
973 2613 1114 2664 aeternae

43 2671 101 2736 “laba
113 2681 281 2764 amplectitur
302 2695 334 2744 et
359 2683 506 2763 gratuitae
524 2682 691 2818 adoptionis
711 2684 919 2746 testimouium.
959 2678 1114 2772 Quemad-

42 2751 116 2834 ¹lodan
130 2773 226 2836 autem,
245 2772 404 2842 postquam
424 2781 479 2822 uos
499 2780 576 2820 seme
609 2759 722 2839 recepit
740 2759 823 2819 Deus
840 2759 871 2820 in
891 2769 1026 2840 gratum,
1044 2775 1114 2836 spe-

41 2825 111 2908 taliter
124 2837 200 2896 multa
218 2835 384 2918 promittit,
403 2835 483 2916 quod
503 2857 557 2896 uos
576 2849 687 2916 pascet,
708 2836 815 2926 eripiet
833 2855 867 2894 er
886 2831 1034 2926 periculis,
1055 2832 1118 2916 erit,

41 2903 104 2964 trader
118 2910 293 2974 innocentiae
314 2924 449 2984 nostrae,
479 2913 566 2972 vitam
585 2911 730 2986 tuebitur,
756 2923 796 2972 sta
815 2909 947 2990 specralis
968 2907 1120 2992 quaedamu

40 2989 65 3034 nt
78 2981 136 3058 ides,
152 3011 221 3070 quae
241 2987 369 3071 siugulis
389 2987 555 3048 huiusmodi
575 2987 818 3068 promissionibus
838 2985 1006 3077 respondet.
1045 2983 1114 3042 Fiet

40 3051 94 3128 liius
109 3063 240 3126 interdum
265 3078 302 3126 ut
322 3063 465 3145 quispiam
491 3065 528 3124 de
552 3075 740 3142 peccatorum
765 3063 938 3123 remissione
963 3068 993 3120 et
1018 3057 1112 3120 salute
1214 3097 1220 3106 ·

41 3131 120 3212 pauco
136 3139 219 3204 fidens
237 3143 268 3202 in
291 3153 376 3224 parte
396 3141 491 3222 aliqua
505 3139 636 3200 vacillet:
656 3161 722 3200 uam
742 3137 788 3202 rel
809 3139 930 3200 nimium
950 3133 1114 3216 trepidabit

41 3225 57 3258 ¹¹
68 3215 141 3276 usn,
158 3219 299 3298 periculo,
317 3215 365 3278 rel
385 3217 420 3276 de
436 3215 513 3279 victu
526 3215 696 3298 quotidiano
718 3216 838 3276 nimium
860 3213 916 3272 erit
935 3212 1044 3302 aptius,
1063 3207 1113 3268 vel

44 3285 114 3371 Ἐἴπω
130 3295 274 3375 perplexus
295 3294 354 3354 erit
372 3291 403 3354 iu
423 3293 480 3353 suis
495 3292 631 3356 consiliis.
670 3290 751 3352 Talis
772 3290 827 3350 luit
838 3289 994 3350 Zachariae
1014 3305 1114 3346 cncre-

43 3368 114 3440 ιἕως,
131 3371 190 3450 quia
207 3371 323 3432 scilicet
342 3369 411 3430 tidei
430 3370 556 3430 radicem
578 3390 612 3430 ac
631 3365 853 3430 fundamentum
872 3376 976 3426 tenens
996 3373 1113 3436 tantuna¹

41 3451 71 3518 ²¹3²
84 3439 106 3498 in
122 3459 193 3523 parte
212 3445 379 3521 haesitavit,
402 3467 440 3506 an
461 3445 542 3506 Deus
567 3445 659 3506 hlium
684 3443 726 3504 illi
747 3441 865 3503 daturus
886 3450 970 3502 esset.
1010 3437 1113 3530 Quare

41 3529 116 3596 'fanus
135 3543 189 3584 non
209 3523 346 3605 protinus
369 3544 388 3584 a
407 3521 465 3582 fide
485 3521 618 3582 excidere
637 3519 685 3580 vel
705 3519 841 3592 deficere,
860 3539 934 3598 quos
958 3535 1010 3576 sua
1030 3513 1113 3574 unhr-

39 3601 89 3648 auus
103 3595 126 3654 in
141 3597 235 3680 aliquo
256 3597 429 3681 particulari
448 3597 568 3680 negotio
589 3595 690 3656 turbat
709 3594 755 3657 vel
774 3595 922 3668 concutit,
947 3613 1002 3681 nec
1022 3591 1111 3650 fidem

37 3667 126 3728 aradice
142 3673 321 3750 labefactari,
352 3675 468 3755 quoties
489 3673 548 3734 eius
569 3672 641 3732 rami
661 3671 697 3732 ad
716 3672 810 3732 varios
830 3671 954 3750 impetus
974 3666 1112 3727 tutubaut.

41 3737 88 3800 llde
103 3751 170 3826 quod
192 3753 265 3814 nihil
292 3753 388 3812 miuus
413 3749 506 3812 uoluit
525 3747 676 3810 Zacharias
703 3768 788 3828 quam
814 3746 845 3804 in
866 3765 985 3806 examen
1004 3760 1113 3804 vocare

37 3813 90 3878 alm
110 3825 211 3889 divinae
235 3827 456 3910 promissionis,
480 3825 532 3886 sed
553 3846 642 3917 quum
666 3825 696 3884 in
721 3843 831 3906 genere
851 3842 1003 3902 persuasus
1024 3828 1112 3910 essct,

35 3905 126 3976 'imm
141 3921 197 3966 esse
215 3905 330 3980 Ileum,
349 3915 413 3966 astu
433 3915 464 3966 et
482 3901 595 3962 insidis
616 3900 739 3960 Satanae
760 3899 860 3958 luminu
880 3899 909 3956 in
930 3917 1044 3978 pravam
1064 3894 1112 3986 ds-

44 3973 172 4040 suttonam
190 3993 298 4043 tractus
319 3991 371 4042 est
415 3979 487 4056 Quo
512 3978 601 4059 magis
628 3997 681 4036 nos
708 3975 744 4037 ad
763 3975 888 4056 agendas
909 3972 1042 4032 excubias
1063 3991 1112 4028 rn-

37 4052 99 4129 tentos
115 4073 167 4114 esse
186 4059 278 4120 decet
319 4055 395 4130 Quis
415 4057 495 4116 enim
515 4064 646 4114 uostnrm
667 4052 821 4112 aSatanae
835 4048 975 4139 decipulis
991 4066 1111 4136 securus

37 4133 82 4192 “¹¹2
103 4125 127 4188 ln
146 4153 210 4222 quas
237 4133 383 4196 cernimus
406 4145 467 4192 tam
491 4151 573 4194 carae
592 4129 751 4190 sanctitatis
776 4127 881 4204 virum,
902 4147 951 4206 qur
971 4134 1035 4184 tota
1053 4131 1111 4182 csta

37 4195 103 4260 ululo
117 4207 166 4268 riht
185 4222 307 4284 caverat,
329 4209 479 4306 delapsum
500 4206 582 4270 esse?
754 4285 756 4292 Α

46 4285 119 4357 ..dl-
148 4283 211 4362 Ego
227 4309 291 4348 aum
313 4279 441 4346 (isdrael.
490 4285 544 4346 His
574 4280 671 4346 verbis
701 4277 845 4364 siguificat
869 4273 1018 4364 Angelus,
1048 4287 1112 4330 non

39 4362 77 4422 ¹⁴¹¹»
89 4357 199 4426 oedDeo
218 4385 235 4426 a
254 4385 313 4446 quo
335 4361 436 4428 missua
458 4373 512 4447 est,
531 4371 562 4424 et
580 4359 662 4424 cuius
682 4357 849 4424 mandatum
869 4350 1002 4434 pertulit,
1021 4345 1110 4408 abro-
