2678 4860
201 259 261 326 a!
416 253 527 320 SECT.
547 255 629 320 m
667 269 795 322 omncs
814 269 927 324 rasam
946 269 988 320 ar
1007 269 1101 318 arom.

204 409 325 480 Sodctc
347 409 414 488 bic,
448 407 554 478 donec
582 408 712 490 vadam,
746 420 779 478 ct
805 430 896 480 orem
917 407 995 476 illic.
1034 409 1087 476 3⁷.
1107 406 1147 474 Et
1165 415 1287 494 uronpts

204 517 301 584 Petro
324 523 355 580 et
376 511 507 580 dnobus
529 511 605 580 liliis
628 511 801 594 Zebedaei,
824 515 931 602 coepit
952 511 1039 578 affici
1060 507 1169 578 dolore
1186 519 1212 575 ct
1227 529 1286 573 noe

204 617 365 688 stitudine.
408 615 461 683 38.
489 617 584 704 Tunc
609 617 653 682 ait
683 614 747 682 iilis
774 617 879 696 lesus,
910 617 1028 684 Tristis
1058 623 1106 681 est
1134 615 1221 680 anim
1242 634 1287 678 ιιι

204 717 372 812 usquead
394 728 543 792 mortem:
574 717 791 798 manetebic,
823 727 854 786 et
877 717 1005 806 vigilate
1025 739 1154 784 mecum
1208 715 1287 780 ’.90

203 843 396 918 progressus
417 821 585 910 pusillum,
614 819 756 910 procidit
776 822 810 886 in
832 821 945 886 faciem
968 843 1076 902 snam,
1097 839 1198 896 orans,
1215 813 1284 882 att

204 949 291 1010 cens,
309 927 406 994 Pater
426 926 478 1006 mi,
500 927 528 990 si
548 921 707 1013 possibile
729 933 791 1001 eat,
814 933 953 992 transeat
974 947 993 990 a
1014 947 1066 992 me
1087 921 1288 992 calisinam

203 1040 371 1099 runtamcn
393 1049 462 1094 non
481 1027 563 1094 sicut
583 1049 645 1112 ego
667 1025 756 1106 volo,
778 1025 838 1092 sed
859 1031 943 1095 siout
964 1036 1009 1093 tn.
1052 1027 1105 1092 40.
1129 1027 1165 1092 Et
1183 1019 1289 1090 renitad

204 1129 395 1220 discipulos,
428 1139 460 1196 et
481 1132 603 1219 reperit
624 1149 681 1195 eos
704 1126 914 1196 dormientes:
951 1139 982 1196 et
1005 1127 1085 1196 dicit
1105 1127 1206 1203 Petro,
1227 1121 1289 1187 idm

203 1255 272 1304 non
295 1231 447 1322 potuistis
468 1251 534 1298 nna
555 1231 636 1298 bora
656 1229 793 1318 vigilare
814 1233 957 1300 mecum?
978 1231 1030 1298 41.
1051 1229 1185 1318 Vigilate
1203 1239 1227 1294 at
1242 1247 1290 1292 ora

202 1347 251 1417 te,
278 1346 315 1404 nt
335 1356 378 1402 ne
399 1335 523 1403 intretis
546 1335 580 1398 in
601 1337 822 1403 tentationem:
864 1336 994 1422 spiritns
1017 1333 1147 1420 quidem
1166 1338 1291 1419 promptas

203 1449 270 1518 est,
292 1446 325 1503 at
347 1457 424 1503 caro
448 1435 583 1502 intirma.
627 1435 680 1501 tt.
702 1437 830 1503 Rursus
852 1435 950 1503 attera
971 1439 1042 1502 vice
1063 1434 1153 1514 abiit,
1177 1445 1204 1500 et
1221 1431 1290 1498 orarit

204 1540 332 1620 dicens,
354 1539 450 1605 Pater
472 1539 529 1618 mi,
554 1541 672 1605 sinon
694 1549 801 1627 potest
821 1537 886 1607 hoc
906 1537 1060 1626 poculum
1081 1539 1237 1604 transires
1253 1553 1291 1609 ιι,

202 1646 265 1716 nisi
285 1641 395 1710 bibam
416 1639 512 1721 illud,
535 1639 590 1708 fiat
611 1639 763 1710 voluntas
785 1651 850 1713 tm.
893 1639 947 1708 43.
973 1643 1016 1708 Et
1035 1645 1138 1720 venit,
1164 1649 1192 1706 et
1208 1637 1291 1724 rapuit

203 1767 261 1814 eos
283 1748 399 1810 iterum
426 1741 638 1809 dormientem
660 1753 751 1810 erant
772 1746 856 1810 enim
878 1742 966 1810 ocuti
988 1765 1102 1811 eoru·
1124 1743 1234 1832 gravati
1257 1737 1290 1802 44.

201 1849 244 1918 Et
265 1845 384 1914 relictis
405 1843 485 1924 illis,
516 1846 631 1914 iterum
661 1845 754 1928 abiit,
787 1856 818 1914 ct
840 1849 943 1914 oravit
965 1848 1079 1930 tertio,
1113 1843 1231 1914 eunden
1247 1861 1290 1908 sc·

200 1970 329 2018 monens
351 1945 471 2016 dicens.

286 2117 428 2187 MARC.
450 2119 538 2184 xit.
581 2118 633 2184 30.
655 2119 697 2184 Et
717 2120 852 2186 ventum
880 2121 914 2187 in
942 2119 1068 2200 iocum,
1102 2122 1187 2186 caios
1208 2131 1288 2182 nonen

201 2219 433 2292 Gethsemane:
463 2230 495 2288 et
516 2217 595 2288 dicit
616 2220 785 2312 discipulis
806 2224 889 2303 auis,
912 2221 1029 2290 Sedete
1052 2223 1118 2304 hic,
1139 2221 1288 2290 donecora

200 2347 290 2396 vcro.
318 2325 371 2390 33.
393 2324 436 2392 Et
457 2325 590 2392 assumit
609 2323 740 2390 Petrum
761 2334 793 2392 et
814 2323 968 2392 Iacobum
990 2337 1023 2394 st
1043 2328 1287 2396 {ontinenam

200 2429 373 2516 coepitque
395 2445 622 2513 expavescere,
654 2435 686 2492 et
705 2445 856 2496 moerore
875 2425 970 2494 attici.
1012 2427 1069 2495 34.
1095 2429 1138 2495 Et
1162 2422 1286 2494 noritis

200 2531 317 2597 Tristis
340 2537 389 2596 est
410 2529 515 2596 anima
535 2549 604 2594 mea
627 2549 731 2618 nsque
752 2528 794 2596 ad
815 2539 962 2598 mortem:
983 2541 1112 2600 manete
1130 2529 1179 2598 bic
1195 2539 1220 2596 ct
1235 2523 1285 2608 o'g't

201 2631 277 2706 lntc.
319 2629 375 2698 ³5.
395 2631 439 2698 Et
449 2630 815 2719 progressus-pusillum
835 2643 1017 2722 prostratae
1037 2645 1090 2700 cst
1109 2635 1144 2702 in
1161 2633 1285 2703 terrm!

199 2735 304 2802 oravit
325 2741 376 2811 nt,
400 2735 428 2798 si
449 2731 608 2822 possibile
629 2744 723 2814 esset,
745 2738 898 2801 transiret
918 2757 936 2800 a
958 2755 994 2802 se
1016 2735 1108 2804 bora.
1148 2737 1193 2802 30.
1210 2725 1284 2797 3ιο

199 2833 310 2920 pcbat,
332 2829 445 2914 Abba,
467 2835 577 2916 Pater,
600 2839 707 2905 omnia
729 2833 900 2926 possibilia
921 2849 996 2906 sunt
1017 2837 1093 2908 tibia
1124 2837 1203 2906 anter
1219 2850 1284 2922 pom

199 2935 480 3004 timorosum
512 2949 722 3008 vernnmmrn
741 2961 810 3008 non
831 2939 922 3030 qnod
948 2964 1013 3030 ego
1032 2941 1128 3018 voto,
1155 2938 1205 3007 scd
1224 2928 1284 3022 qmd

199 3051 244 3107 ιι.
287 3037 340 3106 97.
362 3039 406 3106 Et
426 3041 530 3120 venit,
552 3051 585 3107 et
606 3040 742 3108 ottendtt
762 3061 820 3109 eoa
843 3041 1054 3127 dormientes,
1077 3041 1283 3132 dicitquemm

198 3143 327 3224 Simon,
349 3141 489 3212 dormis?
510 3164 580 3212 non
602 3147 735 3232 potuisti
756 3167 850 3214 unam
872 3146 985 3216 boram
1004 3147 1153 3236 vigilare?
1187 3143 1228 3208 38.
1245 3137 1283 3200 ii·

198 3245 293 3333 pilate
321 3255 353 3312 et
373 3257 478 3326 orate,
510 3267 554 3312 ne
581 3248 704 3314 intretis
724 3249 760 3314 in
786 3251 1005 3316 tentationem:
1042 3253 1168 3340 spiritus
1190 3242 1291 3334 qnid*

197 3358 380 3436 promptus,
413 3357 444 3414 at
467 3368 545 3414 caro
566 3347 702 3416 infimos.
744 3349 798 3418 39.
819 3351 862 3420 Et
883 3373 1011 3420 rursum
1036 3351 1189 3444 digressus
1211 3343 1290 3426 000,

197 3447 337 3516 cundem
365 3471 547 3518 sermonem
574 3450 695 3520 dicens.
760 3453 813 3521 40.
840 3455 884 3524 Et
910 3477 1061 3526 reversus
1088 3453 1278 3526 oiirndr'ttt
1228 3445 1278 3514 010
1289 3449 1290 3455 '

196 3571 324 3616 roccam
346 3549 557 3620 daronisntes.
592 3565 684 3620 erant
704 3557 790 3622 enim
818 3557 905 3626 ocni
926 3579 1040 3626 cornu
1061 3559 1185 3650 gravati,
1204 3561 1289 3636 amati

196 3648 353 3733 sciebant,
374 3654 455 3742 quid
476 3653 525 3721 ttn
547 3655 791 3746 responderent.

281 3823 382 3892 LUC.
403 3825 502 3894 xxtt
545 3827 598 3894 39.
618 3827 663 3896 Et
684 3851 833 3920 egressus
861 3827 930 3900 ibet
962 3835 1014 3918 (nt
1039 3843 1107 3902 crat
1129 3819 1268 3906 intrarit

193 3936 333 3996 montem
356 3927 543 3996 olivarnm:
564 3935 695 4018 soqnuti
715 3945 820 4000 antero
839 3945 916 4002 sont
936 3935 1027 4004 ilium
1048 3940 1138 4005 etiam
1157 3917 1265 4040 W

194 4031 246 4098 40.
266 4031 311 4098 Et
329 4051 429 4120 qaum
450 4035 649 4120 pervenisset
668 4033 710 4101 id
731 4035 854 4116 iocnm,
877 4037 954 4106 dixit
974 4039 1052 4122 iilis,
1075 4039 1179 4114 Orate,
1194 4023 1260 4098 nt'*

194 4135 317 4210 tretis
306 4156 341 4200 ιιι
366 4137 581 4202 tentationem.
626 4137 677 4204 41.
701 4137 779 4205 Et
769 4161 840 4226 rpse
860 4140 992 4210 avulsus
1014 4153 1063 4210 cst
1086 4139 1171 4208 ab
1145 4157 1186 4204 ιιι
1202 4133 1259 4198 1⁶⁸

192 4233 234 4297 ad
260 4237 376 4304 iactum
404 4235 534 4326 lapidis,
567 4241 747 4328 positisque
774 4241 911 4327 genibus
939 4243 1067 4326 orabat,
1106 4243 1154 4309 43
1175 4239 1264 4304 Μ

192 4333 297 4410 Pater,
319 4339 349 4400 si
370 4338 434 4416 vis,
451 4341 592 4430 Ktransfer
614 4341 767 4428 pocrdmn
789 4341 853 4408 boc
874 4365 892 4410 a
913 4367 977 4414 me:
1022 4355 1203 4416 vaunnam
1218 4347 1263 4398 ¹⁰¹
