2536 4848
167 269 226 334 ιω
333 263 485 326 secuto
508 263 560 324 Vt.
599 263 675 325 lesu
694 277 878 326 neemsuus
898 279 940 326 er
960 280 1145 327 raurarro.

167 421 279 492 patrem
308 419 452 470 uestrum.
494 407 564 468 Filii
590 407 693 470 titulus
722 428 793 471 rere
825 421 856 470 et
887 407 1060 470 naturaliter
1095 409 1128 470 in
1156 407 1259 469 Christ

167 507 259 546 unum
282 486 441 566 competit,
463 485 515 546 sed
539 497 638 546 tamen
662 485 692 545 iu
718 504 807 547 earne
830 497 930 547 nostre
955 485 1124 546 declaratus
1150 497 1197 546 est
1217 486 1259 544 Fit

165 562 237 639 Dei,
258 583 277 622 u
321 582 409 642 quem
427 582 503 623 uuus
522 563 587 622 iure
605 582 660 622 eun
678 563 796 624 Patrem
816 563 916 638 habet,
936 562 1023 623 nobie
1043 563 1138 621 etiam
1160 561 1259 622 conciti

168 639 272 715 Quare
321 659 384 713 ene,
404 637 554 700 Christum
573 636 661 699 nobie
681 639 875 700 Mediatorem
896 660 962 700 curn
979 637 1046 698 Filii
1067 637 1177 720 elogio
1197 659 1259 716 pru«

167 735 253 788 cens,
282 733 314 776 se
344 712 431 775 nubis
456 714 593 775 omuibus
617 725 730 795 patrem
757 733 821 776 esse
848 715 985 776 declarat.
1028 716 1151 774 Eodem
1179 716 1259 794 pertis

167 792 322 884 epitheton
341 788 453 850 delete
477 791 545 869 quie
565 792 643 850 enim
663 791 693 850 in
715 791 803 852 uobis
822 792 901 852 exosi
920 811 1019 852 sumus
1039 791 1129 863 Deo,
1150 803 1259 870 paterm

168 887 230 929 ems
249 886 380 928 emumm
400 886 416 926 a
437 865 557 928 Christo
577 867 608 928 iu
630 887 685 928 uos
705 866 836 928 defluere
855 886 976 928 necesse
995 879 1048 928 est.
1097 869 1203 946 Atque
1223 867 1259 924 hu

165 944 225 1005 ioci
244 943 372 1023 optimus
391 953 436 1002 est
455 943 599 1024 interpres
619 942 727 1005 Penius
746 945 781 1004 ad
802 943 909 1025 pree.
930 963 994 1024 cap·
1005 951 1034 1019 1,
1042 949 1083 1014 6.,
1106 963 1204 1023 quum
1224 942 1259 1002 dit

165 1041 221 1080 nos
252 1021 281 1078 iu
307 1019 385 1079 Filio
411 1017 520 1080 diiecto
553 1019 677 1101 gratiam
708 1020 831 1101 edeptuu
856 1039 934 1096 esse,
963 1031 1037 1080 uta
1063 1019 1138 1079 Deo
1165 1039 1259 1078 aunem

168 1095 260 1172 Quod
271 1095 386 1176 pieniux
397 1096 485 1156 etiam
506 1095 677 1177 exprimitur
697 1096 750 1156 ista
770 1097 924 1176 partiente,
944 1093 1259 1175 Inquuerilaiconepiu

165 1185 227 1232 tune
244 1186 295 1232 est.
319 1171 422 1236 quuit
441 1172 536 1245 enim,
555 1172 597 1232 sic
616 1173 646 1231 in
668 1171 789 1233 Christo
809 1173 996 1254 acquiescere
1015 1173 1073 1232 Dei
1095 1185 1259 1240 amorem*

164 1268 229 1310 sese
252 1247 289 1309 ab
314 1268 352 1309 eo
376 1249 411 1308 ad
437 1269 492 1308 uus
512 1267 616 1310 omues
641 1247 801 1308 diffundat:
836 1269 934 1328 neque
963 1249 998 1308 ad
1025 1269 1079 1309 nus
1106 1247 1222 1318 solum,
1248 1257 1259 1304 t

117 1393 123 1402 ¹
166 1323 588 1462 ffii'i.²iaii¹ii⁰isii’iit
604 1325 1142 1462 :ttsttttt‘ttt⁶³¹²:ti⁰⁰ttt⁰:
1162 1324 1259 1475 itt

164 1421 1259 1635 russea:sinsusistautaut,„‚utu

163 1651 227 1693 eum
246 1629 360 1692 reuisee
379 1629 484 1703 docet,
508 1641 543 1689 ut
562 1628 718 1712 colligeret
742 1649 937 1712 quaeeunque
961 1629 992 1690 in
1019 1630 1110 1690 coeio
1131 1639 1202 1690 suut
1219 1635 1259 1730 et}

162 1720 242 1772 tem
260 1705 391 1785 (coloss
409 1713 440 1780 t,
457 1712 504 1772 16·
523 1709 594 1785 20).

202 1971 285 2056 (31.)
325 1971 497 2040 ΜΑΤΤΗ.
515 1972 573 2038 lv.
615 1971 644 2038 1.
672 1971 768 2038 Tunc
787 1973 877 2038 iesus
898 1969 1077 2038 subductus
1101 1969 1162 2036 iuit
1185 1971 1217 2032 iu
1236 1963 1259 2040 di

160 2082 280 2140 sertum
302 2092 320 2137 a
342 2073 473 2160 Spiritu,
494 2083 529 2139 ut
550 2082 730 2140 tentaretur
749 2093 769 2138 a
791 2069 935 2138 diabulo.
977 2072 1008 2136 2.
1030 2071 1073 2136 Et
1094 2091 1194 2158 quum
1214 2067 1259 2130 ieie

159 2182 269 2240 uaseet
287 2172 359 2240 dies
380 2169 592 2261 quadraginta
621 2183 654 2240 ct
677 2181 791 2238 noctes
813 2170 1042 2259 quadraginta,
1070 2168 1201 2237 taudem
1221 2171 1259 2227 cst

159 2275 221 2340 riit.
261 2275 291 2340 3.
316 2273 360 2340 Et
386 2295 484 2361 quum
513 2275 698 2340 accessisset
718 2271 761 2338 ud
784 2294 857 2338 eum
884 2269 954 2350 ille,
981 2273 1038 2358 qui
1067 2280 1186 2348 tentat,
1206 2251 1259 2330 diui

159 2375 195 2444 Si
215 2374 320 2442 Filius
346 2395 382 2442 es
402 2374 485 2452 Dei,
503 2371 581 2440 iube
603 2385 637 2440 ut
661 2371 789 2459 lapides
810 2371 844 2436 hi
864 2393 966 2458 panes
987 2372 1078 2438 fiant.
1122 2373 1154 2436 4.
1173 2359 1259 2433 Atili

159 2476 365 2562 respondens
386 2474 479 2554 dixit,
508 2474 669 2561 Scriptum
692 2480 755 2554 est,
778 2471 855 2538 Nou
878 2473 951 2539 solo
973 2493 1059 2560 pane
1080 2473 1219 2537 victurus
1236 2461 1259 2526 et

160 2575 270 2654 homo,
291 2573 351 2642 sed
370 2577 457 2641 omui
476 2570 589 2652 verbo,
611 2571 701 2660 quod
723 2573 887 2660 egreditur
906 2595 967 2662 per
987 2595 1025 2640 os
1045 2573 1123 2640 Dei.
1258 2617 1259 2648 r

239 2703 379 2772 MARC.
402 2706 424 2771 1.
466 2705 516 2772 12
542 2704 586 2769 Et
613 2707 719 2771 statim
738 2705 878 2794 Spiritus
905 2706 1028 2794 expulit
1054 2704 1147 2772 ilium
1173 2705 1203 2767 in
1228 2695 1259 2760 dd

157 2815 292 2886 sertum,
335 2806 384 2872 13.
412 2805 455 2870 Et
481 2813 551 2872 erat
578 2805 612 2870 iu
636 2804 766 2872 deserto
789 2807 1001 2893 quadraginta
1021 2803 1141 2873 diebus
1161 2813 1191 2868 et
1209 2815 1259 2883 qm

155 2905 304 3074 gpptgiilpta
341 2904 506 2972 uectibus:
538 2915 572 2970 et
603 2905 788 2973 tentabatur
820 2929 840 2972 a
877 2909 1011 2988 Satanae,
1047 2915 1181 2993 eratque
1213 2909 1259 2961 cut

238 3141 343 3211 LUC·
367 3139 420 3207 tv.
461 3141 491 3206 1.
510 3139 600 3206 lesus
623 3148 729 3205 nutem
749 3139 867 3226 plenus
888 3140 1012 3227 Spiritu
1032 3151 1146 3207 sancto
1164 3139 1259 3217 repen*

156 3265 211 3311 eus
239 3255 288 3310 est
314 3265 334 3308 a
360 3241 516 3320 Iordane,
540 3249 573 3306 et
600 3249 689 3305 actus
717 3249 766 3305 est
791 3241 1026 3328 perspiritum
1054 3243 1087 3306 iu
1119 3239 1259 3324 desertum

154 3345 185 3409 2
206 3342 334 3409 Diebus
348 3341 558 3428 quadraginta
579 3337 764 3408 tentabatur
783 3363 801 3406 a
819 3339 971 3410 diabolo:
993 3352 1026 3408 et
1046 3339 1127 3407 nihil
1149 3325 1259 3402 comedit

154 3443 190 3508 in
212 3442 330 3508 diebus
350 3439 430 3519 iltis,
456 3439 578 3506 deiude
600 3443 721 3506 esuriit.
762 3441 792 3506 3
813 3441 904 3507 Dixit
926 3452 1032 3507 autem
1053 3441 1103 3506 itti
1127 3428 1259 3504 diabolutt

154 3541 190 3608 Si
210 3541 315 3606 uiuus
335 3559 370 3605 ea
382 3540 457 3618 Dei,
478 3539 533 3605 dic
552 3537 656 3625 lapidi
678 3539 762 3618 huic,
782 3549 818 3606 ut
833 3542 927 3628 panis
940 3539 1007 3606 fiat.
1047 3540 1078 3605 t.
1098 3523 1259 3616 etrespont

156 3639 204 3708 dit
224 3639 266 3707 ad
288 3638 379 3705 illum
400 3639 504 3719 iesus,
526 3639 654 3720 diceus,
671 3639 832 3728 Scriptum
855 3650 922 3721 est,
941 3639 1020 3708 Nou
1041 3639 1115 3708 solu
1135 3653 1208 3726 pane
1224 3623 1259 3686 tt*

156 3753 265 3809 cturus
286 3751 335 3808 est
354 3739 469 3820 homo,
487 3739 547 3806 sed
564 3741 654 3812 omui
673 3738 777 3807 verbo
798 3740 874 3806 Dei·
936 3763 939 3770 ·

230 3911 368 3977 ttauhu.
388 3909 724 3974 minuentem
733 3925 845 3989 estete
861 3913 985 3976 Duabus
993 3913 1031 3974 de
1041 3914 1133 3976 musis
1145 3911 1172 3971 in
1181 3903 1254 3994 itm·

153 4001 217 4051 tum
234 3989 355 4050 secessit
375 3988 524 4050 Christus:
543 3989 638 4069 prior,
658 4001 691 4048 ut
711 3992 940 4082 pestUieiuninm
961 3991 1149 4072 quadraginta
1167 3983 1252 4042 unm

151 4063 983 4205 uuuuuuuuuutruuetu
1006 4051 1251 4224 eruut

152 4218 310 4312 timuistis,
339 4216 376 4276 ad
406 4229 483 4309 tam
497 4218 619 4279 arduum
648 4239 754 4312 ”¹¹²¹¹.'¹.⁸
783 4231 815 4280 et
838 4218 1024 4357 praectarum
1049 4239 1082 4281 se
1110 4203 1249 4328 affingere:

153 4295 287 4358 ὃσιιιιιιι
306 4313 391 4379 erge,
411 4293 563 4357 Christum
582 4295 782 4376 ducespmtu
801 4296 839 4356 eb
862 4307 961 4358 uctmu
983 4295 1118 4357 tanseat
1133 4293 1228 4352 homno

153 4369 340 4455 frequentia,
364 4381 399 4433 ut
423 4371 560 4454 prodiret
585 4391 713 4435 summus
732 4369 885 4435 Ecclesia
906 4371 1014 4436 ductor
1031 4383 1063 4433 et
1082 4368 1137 4433 Dei
1158 4361 1248 4444 tegatur
