2568 4848
285 209 435 288 (dd-26.
455 207 537 272 lesus
555 226 630 292 puer
648 209 680 270 in
700 207 838 292 templo.)
1084 215 1123 280 87

46 361 112 414 tanea
127 357 226 410 tautum
242 361 356 434 gustum
375 351 444 414 dare
462 348 567 428 votuit,
585 351 637 432 qui
655 351 753 414 statim
773 351 888 434 elapsus
908 364 953 414 est
971 371 1006 415 ea
1024 352 1119 418 homi-

43 445 88 488 trn
107 425 214 488 memori
266 427 320 489 nisi
345 429 425 510 quod
444 427 536 490 Maria
566 427 597 490 in
628 429 720 490 corde
744 451 798 490 suo
823 428 1009 492 reconditum
1033 429 1120 496 nohis

41 504 142 578 servarit,
167 515 197 562 ut
212 449 324 564 ²deinde
354 527 421 566 rum
446 505 508 568 aliis
532 506 675 568 thesauris
699 504 850 587 preferret
874 505 905 566 in
931 527 1120 570 communem

39 579 120 660 p'crum
137 601 219 656 urum.
262 581 302 642 Et
325 583 455 644 notanda
479 593 548 646 sunt
567 581 638 644 haec
658 581 732 656 duo,
757 583 878 644 miratos
897 582 987 644 luisse
1007 604 1120 662 omues,

39 655 84 736 pia
97 655 206 744 pmdigii
225 655 292 718 loco
313 657 462 720 habehant
485 679 609 741 puemm
635 671 693 720 tam
712 671 782 796 ppte
803 671 833 720 et
852 659 1000 721 concinne
1018 671 1118 723 terere

38 751 79 792 raas
102 734 345 817 mterrogationes:
376 757 506 811 rursum,
540 735 687 798 audiendo
729 735 863 798 hristum
891 735 987 817 ipsum
1016 738 1117 820 potius

38 807 131 888 discipuli
157 824 247 890 partes
272 831 288 872 e
312 813 381 888 isse,
412 834 499 892 quam
522 833 567 874 ma
591 813 662 874 istri.
701 812 781 889 Quia
800 813 879 872 enim
904 811 1037 874 nondum
1058 813 1117 878 huc

36 897 119 944 rotatus
135 885 255 949 lucrata
299 901 378 964 atre,
402 901 436 952 ut
454 909 486 950 re
506 831 657 972 puhhcum
678 887 826 952 Ecclesiae
845 889 1000 952 doctorem
1020 889 1115 983 profi-

37 969 120 1036 tuetur,
135 963 258 1026 modeste
275 977 390 1026 tanturn
410 965 603 1047 interrogarit
615 965 762 1026 doctores.
801 963 976 1058 Quanquam
993 985 1117 1028 mtnrmc

36 1035 117 1098 lelium
133 1051 181 1114 est,
200 1041 268 1120 quin
288 1040 348 1102 hoc
367 1041 508 1104 tirocinio
527 1054 624 1104 taxare
644 1043 699 1103 iam
719 1061 755 1126 ag
776 1063 870 1104 ressus
889 1055 927 1104 stt
945 1059 1115 1140 perversum

36 1113 242 1178 conducendi
270 1137 401 1179 morem:
433 1139 501 1180 nam
527 1117 608 1202 quud
633 1131 736 1200 postea
755 1061 798 1181 he
826 1139 973 1212 moenera
995 1119 1115 1182 subiicit

35 1187 102 1266 lucar,
116 1213 189 1257 nore
207 1191 349 1258 hebraico
367 1195 496 1275 positum
510 1215 573 1258 esse
591 1195 773 1279 interpretur
785 1217 841 1279 pro
852 1216 1113 1278 quorrsrcrmone.

58 1421 115 1500 (tt)
149 1425 247 1496 LUC.
267 1426 308 1494 lh
348 1427 400 1494 dd
436 1427 479 1494 Et
505 1430 577 1496 riso
604 1449 647 1496 eo
675 1427 824 1496 admirati
850 1440 938 1508 runt,
975 1437 1008 1496 et
1034 1427 1114 1496 dixit

35 1531 99 1586 nater
112 1526 171 1592 eius
189 1529 230 1595 ad
252 1528 363 1609 illum,
384 1527 464 1608 Fili,
485 1549 543 1594 cnr
561 1529 666 1596 fecisti
687 1527 784 1596 nohis
805 1531 872 1596 sic?
900 1551 992 1612 ecce,
1019 1541 1112 1620 pater

39 1627 82 1684 hus
97 1636 119 1690 et
139 1647 196 1716 ego
223 1628 378 1697 dolentes
403 1627 639 1718 quaerehamus
667 1639 708 1695 te.
756 1629 808 1698 ts.
836 1629 880 1696 Et
899 1633 941 1698 ait
964 1630 1005 1696 ad
1027 1629 1112 1711 illos,

34 1717 90 1802 Qut
102 1737 148 1806 est,
165 1729 253 1816 quod
275 1726 483 1818 quaerebatis
502 1735 573 1798 mel
606 1751 648 1798 an
669 1729 876 1808 nesciebatis,
896 1729 986 1818 qnod
1006 1733 1040 1798 in
1061 1735 1113 1811 iis,

31 1839 83 1902 qus
97 1826 184 1895 Patris
201 1833 267 1897 mei
287 1841 381 1910 sunt,
401 1841 532 1918 oportet
552 1853 604 1898 me
626 1835 719 1898 essei
760 1832 811 1898 ὅθ.
842 1832 885 1898 Et
904 1830 954 1896 illi
975 1853 1042 1901 non
1063 1835 1112 1899 in·

29 1920 168 1994 tellsremnt
192 1951 392 2011 sermonem,
419 1954 515 2020 quem
542 1932 697 2020 loquutus
718 1941 766 1998 cst
790 1935 877 2020 ipsis.
918 1933 969 2000 51.
990 1932 1032 1998 Et
1054 1932 1112 1999 dc·

27 2023 111 2090 scandit
132 2051 197 2098 cnm
219 2033 285 2112 eis,
311 2035 467 2120 venitque
489 2031 661 2099 Nazareth.
706 2031 748 2098 Et
769 2041 837 2098 erat
858 2030 1008 2098 subditus
1027 2031 1109 2098 illisa

27 2133 91 2188 nster
111 2141 206 2198 antem
234 2135 310 2200 eius
337 2131 553 2202 conservabat
580 2135 687 2200 omnia
707 2132 810 2200 verha
837 2133 920 2200 haec
947 2135 981 2198 in
1007 2133 1108 2200 corde

25 2239 69 2288 ne.
98 2229 140 2294 hh
162 2231 203 2299 Et
223 2233 319 2300 lesus
345 2231 540 2320 proficiebat
568 2235 729 2320 sapientia
755 2243 787 2300 et
808 2243 928 2312 aetate,
954 2245 987 2300 ct
1007 2237 1107 2320 matie

26 2325 80 2408 apud
95 2327 189 2398 Deum
208 2343 241 2400 et
262 2333 422 2400 homiues.

35 2555 40 2568 ⁸
70 2487 106 2550 hh
137 2485 226 2550 Diaa't
242 2503 339 2551 mane·
357 2493 418 2552 cius
436 2503 488 2552 cte.
526 2488 896 2566 Falluntnrmeoiudicie‚
912 2487 1105 2568 quiranctunt

23 2557 1003 2726 titiililith‘tt‘dtitt'tittiliilltiltttt
1012 2565 1107 2722 332⁰.

23 2709 93 2772 tulare
113 2685 172 2778 mni
196 2719 279 2796 filio,
301 2733 370 2800 post
391 2741 457 2781 uam
483 2741 499 2780 a
525 2729 674 2783 conventu
698 2719 838 2784 discessit.
878 2719 1038 2799 Utcunque
1057 2737 1105 2782 res

22 2781 100 2874 haheat,
115 2794 188 2857 nulla
207 2815 276 2858 eam
294 2741 412 2879 impuiit
430 2797 565 2872 ambitio,
583 2795 635 2857 sed
654 2797 745 2857 tridui
763 2815 903 2858 moerore
923 2815 1056 2876 expressa
1075 2796 1106 2856 ei

22 2859 56 2922 lut
72 2865 128 2930 haee
146 2873 337 2952 querimonia.
381 2872 501 2936 Interea
521 2874 601 2954 quod
629 2872 794 2955 expostulat
819 2873 877 2936 acsi
901 2873 1008 2934 iniuste
1026 2871 1104 2934 laeta

22 2935 90 3018 luerit,
109 2945 172 3008 hinc
190 2971 226 3032 ap
252 2961 331 3026 aret,
352 2971 438 3030 quam
480 2950 599 3044 ropensi
619 2961 721 3012 natura
741 2949 828 3028 simus
848 2950 884 3011 ad
905 2950 950 3010 ius
970 2961 1103 3040 nostrqm

21 3019 135 3097 tuendum,
162 2971 333 3106 posthabito
359 3027 445 3088 etiam
458 2973 523 3087 iter
547 3039 691 3108 respectu.
743 3027 823 3087 Mori
848 3027 967 3102 quidem
994 3035 1105 3087 tenues

20 3091 126 3160 ualuisset
145 3116 242 3164 sancta
269 3103 371 3186 virgo,
402 3123 488 3183 quarn
516 3123 550 3164 ex
578 3116 662 3165 certo
685 3103 773 3164 animi
799 3105 955 3184 proposito
979 3119 1012 3162 se
1035 3101 1105 3164 Deo

20 3171 137 3262 imitere,
154 3179 215 3255 sed,
236 3179 306 3240 dnm
325 3191 460 3241 materno
472 3177 570 3242 dolori
591 3179 734 3262 indulget,
755 3199 810 3260 per
829 3177 1051 3266 incogitantiam
1066 3195 1105 3268 ep

18 3242 131 3311 delahrtur.
166 3255 204 3316 Et
230 3276 301 3318 sane
325 3255 382 3318 hoc
409 3254 542 3336 exemplo
562 3277 734 3330 monemur,
758 3275 846 3335 quarn
867 3263 996 3333 suspecta
1016 3251 1104 3343 nohas

18 3337 57 3379 me
71 3327 181 3391 debeant
205 3351 309 3394 omnes
334 3331 428 3393 carnis
447 3331 588 3410 allectus,
617 3344 647 3392 et
666 3341 850 3412 quantopere
873 3327 1032 3390 cavendum
1057 3339 1105 3404 stt,

17 3415 40 3454 nt
53 3399 108 3464 iuris
124 3409 215 3470 nostri
235 3421 354 3470 tenaces
373 3409 554 3490 ultraquam
575 3431 627 3492 par
646 3419 705 3482 est,
726 3417 757 3468 ct
775 3405 862 3468 nohis
881 3404 991 3467 addicti
1005 3404 1102 3466 Deum

18 3469 98 3539 iuuere
113 3504 162 3544 ruo
182 3483 358 3546 fraudemus.

65 3561 103 3620 tu.
136 3560 190 3654 atra
206 3559 373 3624 machmis
389 3576 440 3654 stc.
478 3561 588 3653 Merito
607 3571 730 3622 matrem
749 3557 941 3652 reprehendit
960 3555 1061 3620 Christ

15 3637 487 3792 ttltttlttttttilttt
504 3635 1104 3804 itha?titillethttnttt.

16 3774 61 3840 lum
77 3803 144 3849 esse:
163 3812 316 3883 perperam
337 3791 428 3874 igitur
448 3791 545 3853 lacere
560 3802 697 3882 terrepos
716 3799 869 3881 parentes,
894 3788 1002 3869 qurhus
1020 3785 1105 3879 dolet

15 3861 285 4024 tritantur
300 3867 606 4006 reniteant
620 3862 1105 4036 turturiacensi:

15 4009 110 4107 stuta·
125 4039 172 4082 rua
216 4033 323 4084 otestas
346 4021 456 4082 intacta
486 4029 610 4086 maneat.
659 4019 710 4082 Sic
735 4019 853 4110 regebus
876 4029 911 4110 et
933 4015 1107 4110 parentibus

16 4085 153 4156 tidomnis
171 4041 368 4158 odediendum
389 4109 448 4172 est,
475 4097 527 4158 sed
554 4095 692 4157 nonnisi
715 4095 770 4158 suh
790 4095 849 4155 Det
875 4115 1017 4175 emporus,
1046 4091 1106 4152 hoc

16 4171 57 4235 ²⁸¹2
76 4173 189 4250 nequid
210 4175 276 4235 Deo
299 4183 405 4310 pereat
429 4173 475 4235 vel
496 4172 621 4234 decedat
645 4173 675 4234 in
701 4171 852 4232 hominum
872 4170 1003 4252 gratiam.
1040 4167 1105 4225 Nec

16 4251 142 4308 rerotuuc
159 4249 282 4312 violatur
321 4271 425 4311 umaua
446 4251 547 4332 pietas,
567 4269 656 4329 quum
676 4249 779 4330 potior
796 4247 923 4308 hahetur
942 4243 1000 4304 Dei
1019 4239 1105 4300 ratio.

16 4306 157 4412 hispan
170 4331 266 4418 pce-ia
284 4330 339 4399 rasi
355 4341 431 4402 aaut.
470 4327 539 4390 lloc
549 4323 806 4418 rethuriguiicat,
825 4319 979 4412 sealiquid
996 4314 1108 4384 tabem
