2618 4858
446 273 573 321 cnnrsrr
592 273 772 320 variorum.
1117 265 1177 330 289

45 407 99 469 cile
118 407 154 468 sit
172 405 314 466 audaciam
333 423 475 483 erescere,
503 407 551 468 ubi
570 407 632 488 quis
658 407 744 469 aeroel
764 407 846 470 freno
865 427 983 470 meusso
1001 409 1036 470 ad
1053 429 1173 493 peccan-

42 487 110 544 dum
129 503 160 544 ae
178 481 305 564 proiecit.
345 485 446 564 Neque
466 482 541 544 enim
562 505 675 544 servum
699 486 784 544 modo
805 485 913 545 inducit
932 485 1062 548 Christus
1081 490 1171 550 disso-

43 561 132 620 lutum
157 569 186 618 et
209 577 342 638 nequam,
376 559 425 619 sed
444 561 493 640 qni
513 559 718 620 contumaciter
737 561 859 642 insurgit
883 563 916 621 arl
936 563 1103 623 turbandam
1123 577 1169 625 to-

43 647 102 696 tam
121 636 251 708 domum,
271 645 300 694 et
321 645 460 715 potestate
480 637 532 695 sibi
552 656 687 696 concessa
704 647 840 716 proterve
857 637 998 714 abutitur,
1028 640 1171 702 saevitiam

42 721 158 772 exercet
182 711 212 768 in
238 731 407 785 conservos,
439 711 580 772 luxuriose
604 713 668 772 dissi
689 722 717 772 at
749 711 810 772 beri
837 713 881 772 sui
904 713 994 788 bona,
1027 735 1085 776 non
1109 718 1171 780 siue

41 789 103 848 eiru
122 785 256 875 lubibrio..
291 786 416 846 Additur
434 788 517 847 etiam
536 805 629 868 poena
649 733 688 848 ad
702 798 858 862 terrorem,
880 801 909 850 et
929 809 962 850 ea
981 789 1093 868 quidem
1110 807 1170 854 non

41 863 89 926 vul
117 937 125 952 ⁶
142 862 150 878 ⁸
169 886 177 923 r
209 881 273 942 quia
299 861 406 923 scilicet
425 864 585 946 graviorem
607 881 729 945 poenam
749 876 875 926 meretur
899 877 957 926 tam
981 865 1098 930 effrenis
1116 867 1171 930 im-

41 959 96 1022 ΡΝ
117 949 188 1072 lilasi.
207 1015 254 1076 47.
301 1014 360 1104 {lle
386 1025 489 1074 nutem
521 1033 633 1074 emur.
683 1013 759 1075 lluie
787 1013 1025 1090 circumstantiae,
1054 1035 1128 1099 quen
1152 1037 1170 1082 a

39 1089 103 1152 solo
133 1090 209 1148 Luca
235 1090 414 1168 exprimitur,
456 1089 576 1150 multum
599 1089 695 1152 subest
717 1090 865 1172 ponderis,
899 1093 975 1172 qnod
999 1094 1172 1174 utquisque

39 1167 133 1228 aciens
150 1185 183 1254 ac
201 1163 301 1224 rolens
318 1164 348 1226 in
360 1167 477 1226 Domini
496 1177 691 1246 contemptum
711 1166 876 1246 prosilierit,
894 1165 932 1228 ita
951 1168 1083 1250 graviore
1101 1191 1134 1230 ru

62 1241 127 1300 licio
145 1241 246 1322 dagnus
266 1251 316 1300 est.
355 1243 538 1323 Comparatio
557 1243 633 1301 enirn
652 1241 783 1302 statuitur
802 1242 914 1304 maioris
933 1255 963 1304 et
982 1244 1112 1320 minoeia,
1134 1190 1169 1306 ld

39 1263 117 1378 bunc
135 1315 230 1376 finem.
269 1317 301 1376 Si
324 1337 435 1395 seruus,
470 1317 520 1398 qui
544 1317 581 1376 im
604 1318 731 1377 rudentia
754 1317 871 1392 labitur,
899 1339 1021 1398 poenam
1045 1341 1104 1381 non
1127 1321 1170 1383 el'-

38 1391 226 1482 liagit‚·qnid
245 1392 294 1452 fiet
334 1409 448 1454 errerao
470 1404 501 1455 et
521 1337 634 1467 rebelli,
664 1393 713 1473 qui
732 1393 811 1454 velut
832 1395 895 1453 data
914 1411 1001 1476 opera
1020 1395 1170 1477 imperium

37 1469 147 1530 domini
166 1467 208 1527 sui
227 1470 391 1530 conuocat?
427 1469 598 1530 Tenendum
618 1479 711 1527 mrtem
731 1469 867 1529 memoria
886 1481 941 1543 est,
960 1471 1008 1552 qui
1026 1474 1169 1554 regendae

38 1542 183 1606 Ecclesiae
219 1543 335 1604 meleeti
352 1556 434 1618 sunt,
472 1563 524 1606 eos
541 1559 600 1603 non
619 1544 777 1626 ignorantia
796 1561 930 1626 peccare,
964 1547 1014 1606 aed
1033 1567 1168 1626 perverse

38 1633 72 1683 et
92 1619 178 1712 impie
197 1563 330 1680 lraudare
351 1621 507 1680 Dominum
531 1641 621 1680 suum.
665 1621 741 1680 llinc
760 1631 855 1681 tamen
875 1620 1014 1704 generalis
1036 1621 1169 1686 doctrina

40 1695 138 1778 colliga
155 1693 258 1769 debet,
280 1693 384 1756 frustra
402 1698 436 1757 ad
456 1697 632 1778 ignorantiae
650 1694 837 1776 patrocinium
855 1697 1013 1780 confugere
1029 1696 1170 1774 homines,

39 1783 74 1832 nt
92 1791 125 1832 se
141 1791 157 1830 a
176 1782 257 1830 reatu
276 1770 405 1832 liberent.
443 1775 516 1833 Nam
538 1771 562 1832 ri
586 1771 641 1831 lroc
667 1771 734 1832 imis
757 1771 810 1833 sibi
828 1771 951 1835 vindicat
969 1772 1096 1835 mortalia
1114 1774 1169 1834 lao-

38 1867 103 1922 mo,
122 1859 155 1908 nt
172 1847 208 1908 de
226 1867 275 1906 rua
293 1846 438 1908 retourne
456 1867 554 1909 semor
573 1846 641 1908 velit
658 1847 816 1940 inquirere,
850 1849 974 1928 nequid
993 1861 1100 1911 temere
1120 1847 1168 1911 rel

38 1923 159 1986 confuse
178 1923 255 1982 domi
268 1934 397 2005 geratur:
416 1935 523 2003 quanto
540 1925 632 1982 maior
650 1924 725 1983 Filio
742 1924 798 1983 Dei
816 1923 936 1984 debetur
954 1925 1118 2002 auctoritas,
1136 1935 1170 1986 nt

35 2001 199 2082 quicunque
224 1997 260 2057 illi
284 1999 456 2094 ministrant²
485 1997 609 2090 pollicito
627 1997 724 2059 doceri
743 1999 859 2077 cupiant
879 2001 915 2060 de
934 1999 1170 2092 eius-mandatis?

36 2075 858 2230 ttttttt'tttttttstl‘ttndtttt‘tttttp'tt
882 2075 1171 2232 'tillem‘

37 2237 96 2300 set,
126 2245 158 2284 ae
181 2225 309 2308 benigne
331 2227 497 2308 rogantibus
522 2245 636 2306 semper
658 2247 704 2286 res
745 2227 837 2284 rideat.
876 2171 998 2285 bertum
1022 2238 1065 2286 est
1084 2227 1170 2308 igno-

38 2301 160 2364 rantiam
181 2313 306 2362 nostram
330 2303 445 2381 supinae
468 2320 631 2381 oceanoque
652 2319 673 2360 n
722 2301 844 2384 igentiae
866 2319 979 2384 semper
998 2321 1060 2361 erse
1080 2301 1171 2365 corni-

37 2391 107 2439 tem.
147 2379 262 2438 Frustra
280 2375 393 2456 qrddem
411 2377 468 2438 boe
487 2377 594 2457 asylum
615 2388 728 2457 captare
747 2377 886 2449 ridemus,
906 2377 954 2458 qui
975 2377 1102 2438 nesciens
1121 2395 1169 2437 er-

36 2455 125 2528 rarit,
157 2451 237 2532 culpa
265 2473 376 2513 vacare:
406 2473 492 2532 quum
517 2473 551 2512 er
579 2451 697 2512 adverso
727 2452 893 2533 pronuntiet
919 2452 1050 2514 coelestis
1078 2450 1170 2528 iudex,

35 2529 164 2612 quamvis
183 2529 251 2588 talea
273 2527 364 2608 lapsus
388 2526 479 2588 levior
508 2527 653 2610 castigatio
680 2539 805 2601 maneat,
838 2547 897 2587 non
926 2539 1022 2589 tamen
1051 2549 1170 2609 prorsus

35 2603 482 2743 btbut’itttattrttt
509 2602 906 2740 tettittttlttt'l‘t
920 2615 1170 2742 „t‘ttttatst

35 2757 184 2820 scientiam
211 2753 316 2816 lurioae
335 2766 448 2818 ruentes
473 2699 566 2816 eddo
592 2695 770 2834 provocanti
804 2694 956 2830 Quinque
979 2756 1080 2847 cuique
1099 2755 1170 2816 ube·

36 2835 99 2894 rior
118 2827 247 2892 doctrina
266 2829 432 2912 contigerit,
450 2829 488 2889 ita
507 2827 589 2891 simul
608 2843 728 2912 augetur
741 2849 851 2910 poenae
869 2831 993 2908 materia,
1018 2831 1072 2892 nui
1090 2830 1171 2891 doei-

36 2909 102 2970 iitas
125 2917 156 2968 et
174 2905 342 2986 obsequium
360 2905 504 2966 accedant
549 2906 634 2966 Unde
652 2927 667 2965 a
688 2917 785 2986 paret,
802 2925 884 2986 cpiam
900 2908 998 2988 putida
1015 2908 1051 2969 rit
1068 2919 1098 2968 et
1118 2905 1171 2966 iri-

35 2985 102 3050 vola
123 3003 222 3044 eorum
241 2981 449 3062 tergiversatio,
470 2982 518 3062 qui
543 2981 645 3044 claram
665 2927 810 3064 bmgelii
832 2984 990 3044 doctrinam
1015 2981 1100 3043 hodie
1122 3002 1170 3044 re·

34 3071 172 3142 spuentes
214 3056 263 3118 tali
283 3057 439 3137 pervicacia
457 3069 567 3138 patrum
587 3057 725 3118 inscitiam
745 3057 921 3118 obtendunt:
950 3057 1027 3137 quasi
1048 3077 1118 3118 vero
1135 3055 1172 3118 ad

33 3101 230 3216 repellendum
255 3133 310 3193 Dei
334 3133 467 3192 iudicitun
495 3131 616 3194 sufficiet
647 3131 824 3214 ignorantiae
848 3133 973 3215 clypeus.
1017 3131 1171 3194 Caeterum

34 3225 70 3272 nt
93 3212 249 3272 errautinm
273 3207 382 3270 delietia
405 3221 549 3286 pareatur,
580 3207 697 3270 modom
721 3207 832 3268 veniam
861 3219 964 3288 sponte
987 3205 1172 3287 peceantibnr

33 3285 176 3423 Ιιιιιιιῗέἰ,
205 3285 320 3346 minime
337 3305 460 3365 aequum
475 3296 532 3362 est,
561 3283 673 3366 quando
692 3284 825 3346 adversus
842 3286 938 3344 Deum
956 3283 1093 3344 dutinata
1112 3302 1173 3344 ma-

45 3365 96 3424 itia
146 3361 269 3422 rociunt.

114 3439 165 3502 48.
205 3437 379 3516 Quicunque
396 3437 533 3496 multum.
573 3433 671 3495 Altera
696 3433 902 3495 circumstantia
926 3434 1013 3494 docet
1033 3431 1173 3524 Christus,

33 3513 154 3652 mim
177 3511 344 3593 emundor
370 3529 432 3572 esse
459 3510 609 3592 discipulos
634 3509 813 3585 selectiores,
852 3510 876 3600 si
904 3521 1000 3602 spreta
1022 3521 1174 3572 ceramo

77 3591 85 3605 ”
107 3590 188 3650 intare
206 3589 240 3650 ad
260 3609 375 3648 omnem
393 3587 534 3649 licentiam
553 3607 584 3647 se
604 3587 786 3666 prostituant:
818 3607 882 3664 quaa
902 3597 1070 3666 utquisque
1089 3604 1174 3666 prae·

34 3665 160 3728 stantior
178 3675 236 3740 est,
255 3661 374 3800 itapepqua
393 3664 446 3724 sibi
466 3661 644 3724 commissum
664 3661 792 3744 cogitare
811 3661 909 3736 debet,
933 3674 1017 3752 atque
1035 3661 1087 3722 bae
1109 3660 1174 3740 qui-

34 3745 102 3803 dem
130 3739 196 3823 lege
219 3750 252 3800 ut
341 3739 419 3830 ¹enda
444 3737 570 3831 ⁸³².⁰.¹l'¹¹
598 3737 681 3796 ratio.
721 3737 882 3828 Quarenut·
901 3757 1019 3830 qunque
1045 3749 1174 3798 nostruin

34 3815 194 3878 umoribus
212 3813 440 3906 doniaexeellrt,
471 3824 526 3905 brar
544 3824 677 3892 tanquam
696 3829 766 3895 ager
783 3831 883 3904 mafora
902 3833 1029 3903 ampenaa
1048 3811 1176 3902 exculte!

33 3905 210 4048 lu'ililill
222 3887 865 4046 tl‘u‘tbttel0tttttlttibtttttfl'
883 3889 1026 3952 ⁰⁰⁰⁸¹⁸¹³¹²
1045 3887 1091 3950 ld
1108 3907 1174 3946 '¹¹¹¹'

114 4047 163 4106 ⁴9.
217 4061 305 4123 gnum
328 4047 395 4102 reni
420 4045 568 4101 miaeurua
593 4043 625 4099 in
649 4051 772 4100 terrum.
812 4039 854 4100 Ex
878 4039 929 4099 bac
954 4032 1072 4098 clausula
1092 4031 1175 4096 facile

32 4119 207 4193 maiieirur,
239 4121 316 4179 ltrnte
334 4139 423 4178 uuam
443 4139 477 4178 ea
497 4115 647 4199 postrenria
667 4115 773 4178 censet
791 4115 968 4176 aennonibnr
989 4111 1090 4186 imese,
1117 4131 1173 4174 neo

32 4217 87 4258 ano
108 4207 241 4274 tempore
263 4215 280 4254 a
299 4195 376 4256 Luca
401 4194 487 4254 luisse
509 4205 662 4254 narratum.
699 4193 806 4254 Sensus
829 4203 923 4251 autem
948 4199 1008 4262 est,
1037 4207 1174 4248 summanr

33 4271 137 4331 mundi
157 4269 403 4351 perturbationem
422 4270 566 4330 advectam
592 4290 652 4330 esse
672 4289 688 4330 a
709 4267 845 4342 Christo,
868 4264 925 4326 acsi
952 4264 1063 4326 coelum
1083 4274 1175 4326 terrae

33 4348 158 4408 miseere
184 4345 280 4408 vellet.
317 4347 389 4407 llam
414 4345 606 4426 metaphorice
626 4343 810 4425 Evangelinm
834 4342 893 4424 igni
919 4340 1080 4478 opplentur,
1108 4339 1173 4418 quia

63 4437 155 4481 Caluini
170 4443 292 4480 conruent.
306 4436 330 4478 in
345 4435 420 4478 llarrn.
437 4437 474 4480 Be.
499 4437 543 4478 vol.
559 4435 587 4478 ll¹
