<?xml version="1.0" encoding="UTF-8"?>
<!DOCTYPE html PUBLIC "-//W3C//DTD XHTML 1.0 Transitional//EN"
    "http://www.w3.org/TR/xhtml1/DTD/xhtml1-transitional.dtd">
<html xmlns="http://www.w3.org/1999/xhtml" xml:lang="en" lang="en">
 <head>
  <title>
</title>
<meta http-equiv="Content-Type" content="text/html;charset=utf-8" />
  <meta name='ocr-system' content='tesseract 3.04.00' />
  <meta name='ocr-capabilities' content='ocr_page ocr_carea ocr_par ocr_line ocrx_word'/>
</head>
<body>
  <div class='ocr_page' id='page_1' title='image "./ioanniscalvinii01calvgoog_0038.png"; bbox 0 0 2560 4840; ppageno 0'>
   <div class='ocr_carea' id='block_1_1' title="bbox 348 247 1082 322">
    <p class='ocr_par' dir='ltr' id='par_1_1' title="bbox 348 247 1082 322">
     <span class='ocr_line' id='line_1_1' title="bbox 348 247 1082 322; baseline 0.015 -10"><span class='ocrx_word' id='word_1_1' title='bbox 348 251 442 313; x_wconf 78' lang='lat' dir='ltr'>ANN.</span> <span class='ocrx_word' id='word_1_2' title='bbox 462 247 664 312; x_wconf 73' lang='lat' dir='ltr'>numm.</span> <span class='ocrx_word' id='word_1_3' title='bbox 1041 259 1082 322; x_wconf 76' lang='grc'>19</span> 
     </span>
    </p>
   </div>
   <div class='ocr_carea' id='block_1_2' title="bbox 33 393 1079 2236">
    <p class='ocr_par' dir='ltr' id='par_1_2' title="bbox 33 393 1079 2236">
     <span class='ocr_line' id='line_1_2' title="bbox 42 393 1076 478; baseline 0.009 -25"><span class='ocrx_word' id='word_1_4' title='bbox 42 411 74 453; x_wconf 85' lang='lat' dir='ltr'>uu</span> <span class='ocrx_word' id='word_1_5' title='bbox 88 394 203 475; x_wconf 70' lang='lat' dir='ltr'>quidsuis</span> <span class='ocrx_word' id='word_1_6' title='bbox 220 393 283 470; x_wconf 84' lang='lat' dir='ltr'>luit,</span> <span class='ocrx_word' id='word_1_7' title='bbox 305 405 339 456; x_wconf 88' lang='lat' dir='ltr'>ut</span> <span class='ocrx_word' id='word_1_8' title='bbox 357 395 470 456; x_wconf 85' lang='lat' dir='ltr'>Senatu</span> <span class='ocrx_word' id='word_1_9' title='bbox 497 407 594 456; x_wconf 88' lang='lat' dir='ltr'>motus</span> <span class='ocrx_word' id='word_1_10' title='bbox 614 393 821 478; x_wconf 71' lang='lat' dir='ltr'>abrogataque</span> <span class='ocrx_word' id='word_1_11' title='bbox 842 395 1000 477; x_wconf 77' lang='lat' dir='ltr'>capitanel</span> <span class='ocrx_word' id='word_1_12' title='bbox 1018 419 1076 462; x_wconf 85' lang='lat' dir='ltr'>no·</span> 
     </span>
     <span class='ocr_line' id='line_1_3' title="bbox 41 471 1077 556; baseline 0.008 -26"><span class='ocrx_word' id='word_1_13' title='bbox 41 475 84 530; x_wconf 77' lang='lat' dir='ltr'>ube</span> <span class='ocrx_word' id='word_1_14' title='bbox 96 472 187 550; x_wconf 75' lang='lat' dir='ltr'>peintus</span> <span class='ocrx_word' id='word_1_15' title='bbox 201 472 307 532; x_wconf 77' lang='lat' dir='ltr'>vireret</span> <span class='ocrx_word' id='word_1_16' title='bbox 346 473 543 532; x_wconf 81' lang='lat' dir='ltr'>Haerentem</span> <span class='ocrx_word' id='word_1_17' title='bbox 563 471 678 546; x_wconf 88' lang='lat' dir='ltr'>omnia,</span> <span class='ocrx_word' id='word_1_18' title='bbox 704 472 758 532; x_wconf 83' lang='lat' dir='ltr'>etsi</span> <span class='ocrx_word' id='word_1_19' title='bbox 784 491 884 532; x_wconf 86' lang='lat' dir='ltr'>corana</span> <span class='ocrx_word' id='word_1_20' title='bbox 904 473 1077 556; x_wconf 80' lang='lat' dir='ltr'>blagiatratu</span> 
     </span>
     <span class='ocr_line' id='line_1_4' title="bbox 39 547 1078 638; baseline 0.008 -32"><span class='ocrx_word' id='word_1_21' title='bbox 39 549 150 638; x_wconf 51' lang='lat' dir='ltr'>amaon,</span> <span class='ocrx_word' id='word_1_22' title='bbox 168 549 215 608; x_wconf 87' lang='lat' dir='ltr'>diei</span> <span class='ocrx_word' id='word_1_23' title='bbox 238 561 330 608; x_wconf 76' lang='lat' dir='ltr'>tanen</span> <span class='ocrx_word' id='word_1_24' title='bbox 351 569 413 608; x_wconf 91' lang='lat' dir='ltr'>non</span> <span class='ocrx_word' id='word_1_25' title='bbox 434 560 533 628; x_wconf 86' lang='lat' dir='ltr'>potest</span> <span class='ocrx_word' id='word_1_26' title='bbox 559 560 743 628; x_wconf 77' lang='lat' dir='ltr'>quantopere</span> <span class='ocrx_word' id='word_1_27' title='bbox 763 547 917 610; x_wconf 78' lang='lat' dir='ltr'>Calvinum</span> <span class='ocrx_word' id='word_1_28' title='bbox 939 567 1078 613; x_wconf 58' lang='lat' dir='ltr'>ermeno</span> 
     </span>
     <span class='ocr_line' id='line_1_5' title="bbox 39 623 1078 705; baseline 0.007 -24"><span class='ocrx_word' id='word_1_29' title='bbox 39 637 81 682; x_wconf 84' lang='lat' dir='ltr'>nrt:</span> <span class='ocrx_word' id='word_1_30' title='bbox 98 625 198 703; x_wconf 76' lang='lat' dir='ltr'>siquiden</span> <span class='ocrx_word' id='word_1_31' title='bbox 220 643 345 705; x_wconf 89' lang='lat' dir='ltr'>eousque</span> <span class='ocrx_word' id='word_1_32' title='bbox 369 625 459 684; x_wconf 86' lang='lat' dir='ltr'>semel</span> <span class='ocrx_word' id='word_1_33' title='bbox 485 626 513 684; x_wconf 91' lang='lat' dir='ltr'>in</span> <span class='ocrx_word' id='word_1_34' title='bbox 539 623 600 704; x_wconf 85' lang='lat' dir='ltr'>ipsa</span> <span class='ocrx_word' id='word_1_35' title='bbox 625 626 706 684; x_wconf 84' lang='lat' dir='ltr'>curia</span> <span class='ocrx_word' id='word_1_36' title='bbox 732 625 840 686; x_wconf 83' lang='lat' dir='ltr'>coactis</span> <span class='ocrx_word' id='word_1_37' title='bbox 860 625 1006 688; x_wconf 81' lang='lat' dir='ltr'>Diacosiis</span> <span class='ocrx_word' id='word_1_38' title='bbox 1027 629 1078 690; x_wconf 89' lang='lat' dir='ltr'>de·</span> 
     </span>
     <span class='ocr_line' id='line_1_6' title="bbox 41 700 1078 781; baseline 0.013 -27"><span class='ocrx_word' id='word_1_39' title='bbox 41 713 110 757; x_wconf 80' lang='lat' dir='ltr'>rutuu</span> <span class='ocrx_word' id='word_1_40' title='bbox 122 713 162 770; x_wconf 83' lang='lat' dir='ltr'>est,</span> <span class='ocrx_word' id='word_1_41' title='bbox 185 713 212 760; x_wconf 89' lang='lat' dir='ltr'>nt</span> <span class='ocrx_word' id='word_1_42' title='bbox 237 721 325 781; x_wconf 87' lang='lat' dir='ltr'>paene</span> <span class='ocrx_word' id='word_1_43' title='bbox 345 705 462 760; x_wconf 79' lang='lat' dir='ltr'>exsertis</span> <span class='ocrx_word' id='word_1_44' title='bbox 489 701 545 760; x_wconf 83' lang='lat' dir='ltr'>iam</span> <span class='ocrx_word' id='word_1_45' title='bbox 567 701 684 765; x_wconf 81' lang='lat' dir='ltr'>ensibus</span> <span class='ocrx_word' id='word_1_46' title='bbox 705 721 805 780; x_wconf 88' lang='lat' dir='ltr'>parum</span> <span class='ocrx_word' id='word_1_47' title='bbox 830 700 975 777; x_wconf 80' lang='lat' dir='ltr'>abfuerit,</span> <span class='ocrx_word' id='word_1_48' title='bbox 1026 706 1078 766; x_wconf 85' lang='lat' dir='ltr'>nin</span> 
     </span>
     <span class='ocr_line' id='line_1_7' title="bbox 44 723 1079 858; baseline 0.012 -28"><span class='ocrx_word' id='word_1_49' title='bbox 44 779 106 833; x_wconf 73' lang='lat' dir='ltr'>naus</span> <span class='ocrx_word' id='word_1_50' title='bbox 116 778 212 835; x_wconf 82' lang='lat' dir='ltr'>oedibus</span> <span class='ocrx_word' id='word_1_51' title='bbox 229 779 333 837; x_wconf 83' lang='lat' dir='ltr'>ruriam</span> <span class='ocrx_word' id='word_1_52' title='bbox 354 779 445 858; x_wconf 89' lang='lat' dir='ltr'>ipsam</span> <span class='ocrx_word' id='word_1_53' title='bbox 466 789 671 848; x_wconf 65' lang='lat' dir='ltr'>cruentarunt,</span> <span class='ocrx_word' id='word_1_54' title='bbox 699 799 785 858; x_wconf 88' lang='lat' dir='ltr'>quam</span> <span class='ocrx_word' id='word_1_55' title='bbox 811 777 987 842; x_wconf 72' lang='lat' dir='ltr'>seditionem</span> <span class='ocrx_word' id='word_1_56' title='bbox 1005 723 1079 844; x_wconf 69' lang='lat' dir='ltr'>ilal-</span> 
     </span>
     <span class='ocr_line' id='line_1_8' title="bbox 47 853 1076 936; baseline 0.016 -32"><span class='ocrx_word' id='word_1_57' title='bbox 47 853 141 911; x_wconf 82' lang='lat' dir='ltr'>rinuua</span> <span class='ocrx_word' id='word_1_58' title='bbox 154 853 256 936; x_wconf 78' lang='lat' dir='ltr'>collegis</span> <span class='ocrx_word' id='word_1_59' title='bbox 274 854 482 934; x_wconf 84' lang='lat' dir='ltr'>superveniens</span> <span class='ocrx_word' id='word_1_60' title='bbox 503 854 643 934; x_wconf 86' lang='lat' dir='ltr'>opposito</span> <span class='ocrx_word' id='word_1_61' title='bbox 670 853 811 934; x_wconf 74' lang='lat' dir='ltr'>imprimis</span> <span class='ocrx_word' id='word_1_62' title='bbox 830 873 884 914; x_wconf 86' lang='lat' dir='ltr'>suo</span> <span class='ocrx_word' id='word_1_63' title='bbox 910 855 1000 936; x_wconf 84' lang='lat' dir='ltr'>ipsine</span> <span class='ocrx_word' id='word_1_64' title='bbox 1026 877 1076 920; x_wconf 89' lang='lat' dir='ltr'>ca-</span> 
     </span>
     <span class='ocr_line' id='line_1_9' title="bbox 46 928 1077 1057; baseline 0.013 -74"><span class='ocrx_word' id='word_1_65' title='bbox 46 928 189 1057; x_wconf 70' lang='lat' dir='ltr'>pitulini,</span> <span class='ocrx_word' id='word_1_66' title='bbox 214 951 372 1011; x_wconf 87' lang='lat' dir='ltr'>quanquam</span> <span class='ocrx_word' id='word_1_67' title='bbox 402 930 611 990; x_wconf 86' lang='lat' dir='ltr'>sceleratorum</span> <span class='ocrx_word' id='word_1_68' title='bbox 637 930 727 990; x_wconf 77' lang='lat' dir='ltr'>factio</span> <span class='ocrx_word' id='word_1_69' title='bbox 751 930 782 990; x_wconf 94' lang='lat' dir='ltr'>in</span> <span class='ocrx_word' id='word_1_70' title='bbox 813 929 894 990; x_wconf 86' lang='lat' dir='ltr'>illum</span> <span class='ocrx_word' id='word_1_71' title='bbox 918 935 1077 1016; x_wconf 87' lang='lat' dir='ltr'>praecipue</span> 
     </span>
     <span class='ocr_line' id='line_1_10' title="bbox 52 1007 1077 1098; baseline 0.009 -35"><span class='ocrx_word' id='word_1_72' title='bbox 52 1015 119 1092; x_wconf 68' lang='lat' dir='ltr'>‘l‘l&#39;l</span> <span class='ocrx_word' id='word_1_73' title='bbox 138 1008 187 1086; x_wconf 88' lang='lat' dir='ltr'>ipso</span> <span class='ocrx_word' id='word_1_74' title='bbox 209 1007 392 1098; x_wconf 72' lang='lat' dir='ltr'>nibilominus</span> <span class='ocrx_word' id='word_1_75' title='bbox 416 1025 519 1066; x_wconf 87' lang='lat' dir='ltr'>eorum</span> <span class='ocrx_word' id='word_1_76' title='bbox 539 1007 650 1066; x_wconf 88' lang='lat' dir='ltr'>scelera</span> <span class='ocrx_word' id='word_1_77' title='bbox 670 1017 815 1098; x_wconf 76' lang='lat' dir='ltr'>pergente</span> <span class='ocrx_word' id='word_1_78' title='bbox 833 1009 999 1088; x_wconf 75' lang='lat' dir='ltr'>gravissime</span> <span class='ocrx_word' id='word_1_79' title='bbox 1023 1012 1077 1071; x_wconf 88' lang='lat' dir='ltr'>de-</span> 
     </span>
     <span class='ocr_line' id='line_1_11' title="bbox 39 1082 1077 1246; baseline 0.015 -40"><span class='ocrx_word' id='word_1_80' title='bbox 39 1082 1077 1246; x_wconf 55' lang='lat' dir='ltr'>ldutlltffi&#39;ttllllltltl.²”²lt,&#39;lt‘5l²&#39;,3alatitat</span> 
     </span>
     <span class='ocr_line' id='line_1_12' title="bbox 37 1228 1077 1318; baseline 0.016 -34"><span class='ocrx_word' id='word_1_81' title='bbox 37 1228 113 1292; x_wconf 75' lang='lat' dir='ltr'>irruere</span> <span class='ocrx_word' id='word_1_82' title='bbox 126 1235 232 1313; x_wconf 85' lang='lat' dir='ltr'>quidam,</span> <span class='ocrx_word' id='word_1_83' title='bbox 250 1235 318 1296; x_wconf 82' lang='lat' dir='ltr'>ciris</span> <span class='ocrx_word' id='word_1_84' title='bbox 340 1234 540 1311; x_wconf 85' lang='lat' dir='ltr'>Geneeensis,</span> <span class='ocrx_word' id='word_1_85' title='bbox 563 1235 705 1296; x_wconf 82' lang='lat' dir='ltr'>famosum</span> <span class='ocrx_word' id='word_1_86' title='bbox 726 1233 858 1295; x_wconf 85' lang='lat' dir='ltr'>libellum</span> <span class='ocrx_word' id='word_1_87' title='bbox 877 1237 1026 1318; x_wconf 86' lang='lat' dir='ltr'>scripsisse</span> <span class='ocrx_word' id='word_1_88' title='bbox 1045 1251 1077 1300; x_wconf 85' lang='lat' dir='ltr'>et</span> 
     </span>
     <span class='ocr_line' id='line_1_13' title="bbox 36 1307 1077 1392; baseline 0.016 -31"><span class='ocrx_word' id='word_1_89' title='bbox 36 1327 84 1364; x_wconf 71' lang='lat' dir='ltr'>srrro</span> <span class='ocrx_word' id='word_1_90' title='bbox 95 1307 174 1390; x_wconf 80' lang='lat' dir='ltr'>pulpito</span> <span class='ocrx_word' id='word_1_91' title='bbox 190 1313 305 1372; x_wconf 83' lang='lat' dir='ltr'>ailisisse</span> <span class='ocrx_word' id='word_1_92' title='bbox 323 1311 541 1392; x_wconf 84' lang='lat' dir='ltr'>deprehensus,</span> <span class='ocrx_word' id='word_1_93' title='bbox 567 1312 597 1372; x_wconf 93' lang='lat' dir='ltr'>in</span> <span class='ocrx_word' id='word_1_94' title='bbox 641 1331 678 1371; x_wconf 92' lang='lat' dir='ltr'>uo</span> <span class='ocrx_word' id='word_1_95' title='bbox 699 1322 762 1370; x_wconf 89' lang='lat' dir='ltr'>tom</span> <span class='ocrx_word' id='word_1_96' title='bbox 780 1310 835 1372; x_wconf 89' lang='lat' dir='ltr'>alia</span> <span class='ocrx_word' id='word_1_97' title='bbox 855 1312 946 1374; x_wconf 89' lang='lat' dir='ltr'>multa</span> <span class='ocrx_word' id='word_1_98' title='bbox 965 1316 1077 1378; x_wconf 81' lang='lat' dir='ltr'>nelarie</span> 
     </span>
     <span class='ocr_line' id='line_1_14' title="bbox 34 1333 1076 1468; baseline 0.012 -28"><span class='ocrx_word' id='word_1_99' title='bbox 34 1381 131 1443; x_wconf 85' lang='lat' dir='ltr'>irumu</span> <span class='ocrx_word' id='word_1_100' title='bbox 146 1389 335 1464; x_wconf 87' lang='lat' dir='ltr'>llinisterium,</span> <span class='ocrx_word' id='word_1_101' title='bbox 359 1387 533 1466; x_wconf 70' lang='lat' dir='ltr'>tumetium</span> <span class='ocrx_word' id='word_1_102' title='bbox 561 1333 637 1448; x_wconf 81' lang='lat' dir='ltr'>illud</span> <span class='ocrx_word' id='word_1_103' title='bbox 653 1387 793 1468; x_wconf 80' lang='lat' dir='ltr'>scriptum</span> <span class='ocrx_word' id='word_1_104' title='bbox 819 1399 897 1460; x_wconf 90' lang='lat' dir='ltr'>erat,</span> <span class='ocrx_word' id='word_1_105' title='bbox 921 1389 1076 1452; x_wconf 66' lang='lat' dir='ltr'>catonus</span> 
     </span>
     <span class='ocr_line' id='line_1_15' title="bbox 36 1461 1077 1545; baseline 0.016 -33"><span class='ocrx_word' id='word_1_106' title='bbox 36 1477 70 1514; x_wconf 80' lang='lat' dir='ltr'>are</span> <span class='ocrx_word' id='word_1_107' title='bbox 82 1461 99 1516; x_wconf 88' lang='lat' dir='ltr'>in</span> <span class='ocrx_word' id='word_1_108' title='bbox 112 1461 252 1524; x_wconf 84' lang='lat' dir='ltr'>lllodanurn</span> <span class='ocrx_word' id='word_1_109' title='bbox 272 1464 534 1545; x_wconf 84' lang='lat' dir='ltr'>praecipitandum,</span> <span class='ocrx_word' id='word_1_110' title='bbox 554 1485 639 1525; x_wconf 86' lang='lat' dir='ltr'>causa</span> <span class='ocrx_word' id='word_1_111' title='bbox 660 1464 736 1525; x_wconf 88' lang='lat' dir='ltr'>dicta</span> <span class='ocrx_word' id='word_1_112' title='bbox 757 1477 788 1524; x_wconf 92' lang='lat' dir='ltr'>et</span> <span class='ocrx_word' id='word_1_113' title='bbox 806 1463 986 1528; x_wconf 74' lang='lat' dir='ltr'>infinitarum</span> <span class='ocrx_word' id='word_1_114' title='bbox 1006 1468 1077 1529; x_wconf 85' lang='lat' dir='ltr'>alia·</span> 
     </span>
     <span class='ocr_line' id='line_1_16' title="bbox 39 1540 1076 1629; baseline 0.008 -32"><span class='ocrx_word' id='word_1_115' title='bbox 39 1553 78 1622; x_wconf 36' lang='lat' dir='ltr'>nu·</span> <span class='ocrx_word' id='word_1_116' title='bbox 134 1540 271 1602; x_wconf 76' lang='lat' dir='ltr'>leuiorem</span> <span class='ocrx_word' id='word_1_117' title='bbox 290 1553 411 1621; x_wconf 89' lang='lat' dir='ltr'>praeter</span> <span class='ocrx_word' id='word_1_118' title='bbox 430 1541 676 1620; x_wconf 72' lang='lat' dir='ltr'>exspectationem</span> <span class='ocrx_word' id='word_1_119' title='bbox 703 1541 857 1601; x_wconf 78' lang='lat' dir='ltr'>convictus</span> <span class='ocrx_word' id='word_1_120' title='bbox 880 1543 983 1622; x_wconf 84' lang='lat' dir='ltr'>capitis</span> <span class='ocrx_word' id='word_1_121' title='bbox 1006 1565 1076 1629; x_wconf 89' lang='lat' dir='ltr'>aup-</span> 
     </span>
     <span class='ocr_line' id='line_1_17' title="bbox 38 1607 1077 1738; baseline 0.011 -68"><span class='ocrx_word' id='word_1_122' title='bbox 38 1607 186 1738; x_wconf 64' lang='lat' dir='ltr'>pauaeetns</span> <span class='ocrx_word' id='word_1_123' title='bbox 207 1631 257 1676; x_wconf 82' lang='lat' dir='ltr'>ert.</span> <span class='ocrx_word' id='word_1_124' title='bbox 330 1619 380 1676; x_wconf 93' lang='lat' dir='ltr'>uin</span> <span class='ocrx_word' id='word_1_125' title='bbox 408 1617 492 1675; x_wconf 89' lang='lat' dir='ltr'>etiam</span> <span class='ocrx_word' id='word_1_126' title='bbox 513 1629 581 1696; x_wconf 87' lang='lat' dir='ltr'>post</span> <span class='ocrx_word' id='word_1_127' title='bbox 608 1617 669 1676; x_wconf 87' lang='lat' dir='ltr'>eius</span> <span class='ocrx_word' id='word_1_128' title='bbox 696 1616 845 1677; x_wconf 89' lang='lat' dir='ltr'>interitum</span> <span class='ocrx_word' id='word_1_129' title='bbox 874 1618 1009 1680; x_wconf 77' lang='lat' dir='ltr'>inventus</span> <span class='ocrx_word' id='word_1_130' title='bbox 1034 1632 1077 1681; x_wconf 91' lang='lat' dir='ltr'>est</span> 
     </span>
     <span class='ocr_line' id='line_1_18' title="bbox 43 1683 1079 1782; baseline 0.018 -45"><span class='ocrx_word' id='word_1_131' title='bbox 43 1683 174 1782; x_wconf 79' lang='lat' dir='ltr'>rbelluipsius</span> <span class='ocrx_word' id='word_1_132' title='bbox 190 1715 272 1753; x_wconf 89' lang='lat' dir='ltr'>roanu</span> <span class='ocrx_word' id='word_1_133' title='bbox 293 1695 430 1752; x_wconf 82' lang='lat' dir='ltr'>adversus</span> <span class='ocrx_word' id='word_1_134' title='bbox 450 1693 554 1753; x_wconf 86' lang='lat' dir='ltr'>blosen</span> <span class='ocrx_word' id='word_1_135' title='bbox 575 1693 729 1773; x_wconf 83' lang='lat' dir='ltr'>ipsumque</span> <span class='ocrx_word' id='word_1_136' title='bbox 747 1693 821 1754; x_wconf 88' lang='lat' dir='ltr'>adeo</span> <span class='ocrx_word' id='word_1_137' title='bbox 838 1693 987 1755; x_wconf 82' lang='lat' dir='ltr'>Gbristuru</span> <span class='ocrx_word' id='word_1_138' title='bbox 1007 1716 1079 1776; x_wconf 90' lang='lat' dir='ltr'>pro·</span> 
     </span>
     <span class='ocr_line' id='line_1_19' title="bbox 35 1759 1078 1864; baseline 0.01 -40"><span class='ocrx_word' id='word_1_139' title='bbox 35 1759 184 1848; x_wconf 51' lang='lat' dir='ltr'>statumina,</span> <span class='ocrx_word' id='word_1_140' title='bbox 202 1791 261 1850; x_wconf 92' lang='lat' dir='ltr'>quo</span> <span class='ocrx_word' id='word_1_141' title='bbox 280 1769 437 1849; x_wconf 87' lang='lat' dir='ltr'>impietatis</span> <span class='ocrx_word' id='word_1_142' title='bbox 456 1768 568 1828; x_wconf 85' lang='lat' dir='ltr'>scelere</span> <span class='ocrx_word' id='word_1_143' title='bbox 586 1769 707 1830; x_wconf 87' lang='lat' dir='ltr'>dubium</span> <span class='ocrx_word' id='word_1_144' title='bbox 729 1790 789 1830; x_wconf 92' lang='lat' dir='ltr'>non</span> <span class='ocrx_word' id='word_1_145' title='bbox 811 1782 891 1844; x_wconf 87' lang='lat' dir='ltr'>erat,</span> <span class='ocrx_word' id='word_1_146' title='bbox 913 1772 984 1864; x_wconf 86' lang='lat' dir='ltr'>quin</span> <span class='ocrx_word' id='word_1_147' title='bbox 1005 1773 1078 1834; x_wconf 90' lang='lat' dir='ltr'>alios</span> 
     </span>
     <span class='ocr_line' id='line_1_20' title="bbox 34 1843 1077 1926; baseline 0.009 -26"><span class='ocrx_word' id='word_1_148' title='bbox 34 1848 81 1924; x_wconf 58' lang='lat' dir='ltr'>fitne</span> <span class='ocrx_word' id='word_1_149' title='bbox 93 1843 171 1923; x_wconf 83' lang='lat' dir='ltr'>aliquot</span> <span class='ocrx_word' id='word_1_150' title='bbox 187 1847 341 1907; x_wconf 81' lang='lat' dir='ltr'>iniecisset.</span> <span class='ocrx_word' id='word_1_151' title='bbox 381 1845 508 1926; x_wconf 86' lang='lat' dir='ltr'>Scripsit</span> <span class='ocrx_word' id='word_1_152' title='bbox 532 1857 628 1904; x_wconf 89' lang='lat' dir='ltr'>autern</span> <span class='ocrx_word' id='word_1_153' title='bbox 650 1844 707 1905; x_wconf 87' lang='lat' dir='ltr'>boc</span> <span class='ocrx_word' id='word_1_154' title='bbox 732 1847 796 1926; x_wconf 85' lang='lat' dir='ltr'>ipso</span> <span class='ocrx_word' id='word_1_155' title='bbox 817 1867 896 1908; x_wconf 86' lang='lat' dir='ltr'>anno</span> <span class='ocrx_word' id='word_1_156' title='bbox 922 1849 1077 1910; x_wconf 82' lang='lat' dir='ltr'>remediis</span> 
     </span>
     <span class='ocr_line' id='line_1_21' title="bbox 33 1912 1079 1996; baseline 0.01 -20"><span class='ocrx_word' id='word_1_157' title='bbox 33 1912 235 1996; x_wconf 71' lang='lat' dir='ltr'>lllarertarninibus</span> <span class='ocrx_word' id='word_1_158' title='bbox 262 1922 401 1984; x_wconf 83' lang='lat' dir='ltr'>Calvinus</span> <span class='ocrx_word' id='word_1_159' title='bbox 420 1921 599 1982; x_wconf 82' lang='lat' dir='ltr'>Antidotum</span> <span class='ocrx_word' id='word_1_160' title='bbox 623 1921 758 1983; x_wconf 83' lang='lat' dir='ltr'>aduersus</span> <span class='ocrx_word' id='word_1_161' title='bbox 784 1921 953 1983; x_wconf 82' lang='lat' dir='ltr'>Tridentini</span> <span class='ocrx_word' id='word_1_162' title='bbox 978 1928 1079 1986; x_wconf 88' lang='lat' dir='ltr'>conci·</span> 
     </span>
     <span class='ocr_line' id='line_1_22' title="bbox 34 1984 1077 2084; baseline 0.017 -40"><span class='ocrx_word' id='word_1_163' title='bbox 34 1984 207 2060; x_wconf 71' lang='lat' dir='ltr'>libulireaioues</span> <span class='ocrx_word' id='word_1_164' title='bbox 227 2011 355 2079; x_wconf 86' lang='lat' dir='ltr'>septem:</span> <span class='ocrx_word' id='word_1_165' title='bbox 376 1999 506 2078; x_wconf 91' lang='lat' dir='ltr'>itemque</span> <span class='ocrx_word' id='word_1_166' title='bbox 517 1997 767 2080; x_wconf 82' lang='lat' dir='ltr'>Rotomagensem</span> <span class='ocrx_word' id='word_1_167' title='bbox 780 1995 862 2078; x_wconf 81' lang='lat' dir='ltr'>[lod.</span> <span class='ocrx_word' id='word_1_168' title='bbox 872 1997 1077 2084; x_wconf 79' lang='lat' dir='ltr'>arbeallouen]</span> 
     </span>
     <span class='ocr_line' id='line_1_23' title="bbox 34 2065 1078 2138; baseline 0.02 -20"><span class='ocrx_word' id='word_1_169' title='bbox 34 2065 120 2129; x_wconf 66' lang='lat' dir='ltr'>sunau</span> <span class='ocrx_word' id='word_1_170' title='bbox 134 2075 210 2136; x_wconf 82' lang='lat' dir='ltr'>nissis</span> <span class='ocrx_word' id='word_1_171' title='bbox 230 2075 323 2134; x_wconf 89' lang='lat' dir='ltr'>literis</span> <span class='ocrx_word' id='word_1_172' title='bbox 342 2075 478 2134; x_wconf 81' lang='lat' dir='ltr'>adversus</span> <span class='ocrx_word' id='word_1_173' title='bbox 499 2074 686 2135; x_wconf 80' lang='lat' dir='ltr'>Franciscani</span> <span class='ocrx_word' id='word_1_174' title='bbox 712 2075 860 2136; x_wconf 85' lang='lat' dir='ltr'>cuiusdam</span> <span class='ocrx_word' id='word_1_175' title='bbox 888 2075 1003 2138; x_wconf 84' lang='lat' dir='ltr'>iraudea</span> <span class='ocrx_word' id='word_1_176' title='bbox 1028 2097 1078 2138; x_wconf 87' lang='lat' dir='ltr'>re-</span> 
     </span>
     <span class='ocr_line' id='line_1_24' title="bbox 34 2150 1077 2236; baseline 0.021 -44"><span class='ocrx_word' id='word_1_177' title='bbox 34 2154 135 2207; x_wconf 80' lang='lat' dir='ltr'>uontnun</span> <span class='ocrx_word' id='word_1_178' title='bbox 158 2171 171 2210; x_wconf 90' lang='lat' dir='ltr'>a</span> <span class='ocrx_word' id='word_1_179' title='bbox 197 2151 356 2212; x_wconf 88' lang='lat' dir='ltr'>Libertinis</span> <span class='ocrx_word' id='word_1_180' title='bbox 382 2150 570 2232; x_wconf 75' lang='lat' dir='ltr'>carpocratis</span> <span class='ocrx_word' id='word_1_181' title='bbox 595 2169 729 2211; x_wconf 88' lang='lat' dir='ltr'>errorum</span> <span class='ocrx_word' id='word_1_182' title='bbox 756 2169 903 2212; x_wconf 79' lang='lat' dir='ltr'>uenenum</span> <span class='ocrx_word' id='word_1_183' title='bbox 929 2153 970 2214; x_wconf 91' lang='lat' dir='ltr'>ibi</span> <span class='ocrx_word' id='word_1_184' title='bbox 995 2170 1077 2236; x_wconf 87' lang='lat' dir='ltr'>spar-</span> 
     </span>
    </p>
   </div>
   <div class='ocr_carea' id='block_1_3' title="bbox 34 2220 251 2292">
    <p class='ocr_par' dir='ltr' id='par_1_3' title="bbox 34 2220 251 2292">
     <span class='ocr_line' id='line_1_25' title="bbox 34 2220 251 2292; baseline 0.06 -15"><span class='ocrx_word' id='word_1_185' title='bbox 34 2220 87 2292; x_wconf 71' lang='lat' dir='ltr'>gentis</span> <span class='ocrx_word' id='word_1_186' title='bbox 97 2227 251 2290; x_wconf 80' lang='lat' dir='ltr'>confirmavit.</span> 
     </span>
    </p>
   </div>
   <div class='ocr_carea' id='block_1_4' title="bbox 33 2373 1093 3452">
    <p class='ocr_par' dir='ltr' id='par_1_4' title="bbox 33 2373 1093 3452">
     <span class='ocr_line' id='line_1_26' title="bbox 79 2373 950 2513; baseline -0.002 -75"><span class='ocrx_word' id='word_1_187' title='bbox 79 2373 134 2460; x_wconf 78' lang='lat' dir='ltr'>lllll</span> <span class='ocrx_word' id='word_1_188' title='bbox 148 2381 238 2468; x_wconf 59' lang='lat' dir='ltr'>lm)</span> <span class='ocrx_word' id='word_1_189' title='bbox 261 2381 353 2472; x_wconf 74' lang='lat' dir='ltr'>Anno</span> <span class='ocrx_word' id='word_1_190' title='bbox 364 2391 519 2472; x_wconf 88' lang='lat' dir='ltr'>sequente,</span> <span class='ocrx_word' id='word_1_191' title='bbox 532 2379 560 2438; x_wconf 92' lang='lat' dir='ltr'>id</span> <span class='ocrx_word' id='word_1_192' title='bbox 575 2390 662 2513; x_wconf 62' lang='lat' dir='ltr'>emp</span> <span class='ocrx_word' id='word_1_193' title='bbox 932 2455 950 2472; x_wconf 88' lang='lat'>..</span> 
     </span>
     <span class='ocr_line' id='line_1_27' title="bbox 41 2451 1082 2616; baseline 0.002 -23"><span class='ocrx_word' id='word_1_194' title='bbox 41 2451 784 2612; x_wconf 60' lang='grc' dir='ltr'><strong>ιιιιιιιιιιιιιι</strong></span> <span class='ocrx_word' id='word_1_195' title='bbox 799 2454 1082 2616; x_wconf 64' lang='lat' dir='ltr'>altessera</span> 
     </span>
     <span class='ocr_line' id='line_1_28' title="bbox 37 2597 1079 2700; baseline 0.02 -50"><span class='ocrx_word' id='word_1_196' title='bbox 37 2597 219 2678; x_wconf 71' lang='lat' dir='ltr'>ndenmlisistis</span> <span class='ocrx_word' id='word_1_197' title='bbox 231 2610 403 2682; x_wconf 85' lang='lat' dir='ltr'>studebant,</span> <span class='ocrx_word' id='word_1_198' title='bbox 424 2608 541 2668; x_wconf 81' lang='lat' dir='ltr'>Farello</span> <span class='ocrx_word' id='word_1_199' title='bbox 555 2625 664 2700; x_wconf 74' lang='lat' dir='ltr'>nempe</span> <span class='ocrx_word' id='word_1_200' title='bbox 680 2618 710 2666; x_wconf 88' lang='lat' dir='ltr'>et</span> <span class='ocrx_word' id='word_1_201' title='bbox 752 2608 838 2700; x_wconf 66' lang='lat' dir='ltr'>irato.</span> <span class='ocrx_word' id='word_1_202' title='bbox 880 2609 980 2684; x_wconf 89' lang='lat' dir='ltr'>Quum</span> <span class='ocrx_word' id='word_1_203' title='bbox 1001 2613 1079 2671; x_wconf 89' lang='lat' dir='ltr'>enim</span> 
     </span>
     <span class='ocr_line' id='line_1_29' title="bbox 36 2683 1083 2770; baseline 0.017 -40"><span class='ocrx_word' id='word_1_204' title='bbox 36 2689 168 2745; x_wconf 78' lang='lat' dir='ltr'>umerum</span> <span class='ocrx_word' id='word_1_205' title='bbox 185 2685 338 2746; x_wconf 82' lang='lat' dir='ltr'>Genavam</span> <span class='ocrx_word' id='word_1_206' title='bbox 358 2687 506 2746; x_wconf 83' lang='lat' dir='ltr'>venissent</span> <span class='ocrx_word' id='word_1_207' title='bbox 526 2696 556 2744; x_wconf 93' lang='lat' dir='ltr'>et</span> <span class='ocrx_word' id='word_1_208' title='bbox 575 2697 739 2745; x_wconf 78' lang='lat' dir='ltr'>orationem</span> <span class='ocrx_word' id='word_1_209' title='bbox 760 2704 791 2744; x_wconf 91' lang='grc' dir='ltr'>ιιι</span> <span class='ocrx_word' id='word_1_210' title='bbox 816 2683 926 2746; x_wconf 80' lang='lat' dir='ltr'>Senatu</span> <span class='ocrx_word' id='word_1_211' title='bbox 946 2689 1083 2770; x_wconf 73' lang='lat' dir='ltr'>gravissi-</span> 
     </span>
     <span class='ocr_line' id='line_1_30' title="bbox 35 2753 1093 2844; baseline 0.004 -24"><span class='ocrx_word' id='word_1_212' title='bbox 35 2753 111 2834; x_wconf 58' lang='grc' dir='ltr'>’,Μ</span> <span class='ocrx_word' id='word_1_213' title='bbox 130 2762 328 2844; x_wconf 80' lang='lat' dir='ltr'>conponendis</span> <span class='ocrx_word' id='word_1_214' title='bbox 353 2761 477 2822; x_wconf 87' lang='lat' dir='ltr'>dissidiis</span> <span class='ocrx_word' id='word_1_215' title='bbox 503 2760 688 2835; x_wconf 80' lang='lat' dir='ltr'>habuissent,</span> <span class='ocrx_word' id='word_1_216' title='bbox 714 2759 839 2821; x_wconf 82' lang='lat' dir='ltr'>Calvino</span> <span class='ocrx_word' id='word_1_217' title='bbox 867 2762 986 2842; x_wconf 77' lang='lat' dir='ltr'>quidem</span> <span class='ocrx_word' id='word_1_218' title='bbox 1006 2753 1093 2824; x_wconf 80' lang='lat' dir='ltr'>ntbtt·</span> 
     </span>
     <span class='ocr_line' id='line_1_31' title="bbox 35 2821 1080 2963; baseline 0.008 -71"><span class='ocrx_word' id='word_1_219' title='bbox 35 2821 144 2963; x_wconf 53' lang='lat' dir='ltr'>lttheae</span> <span class='ocrx_word' id='word_1_220' title='bbox 160 2839 391 2899; x_wconf 83' lang='lat' dir='ltr'>emendationem</span> <span class='ocrx_word' id='word_1_221' title='bbox 417 2857 532 2898; x_wconf 86' lang='lat' dir='ltr'>morum</span> <span class='ocrx_word' id='word_1_222' title='bbox 559 2835 742 2918; x_wconf 78' lang='lat' dir='ltr'>postulante,</span> <span class='ocrx_word' id='word_1_223' title='bbox 764 2837 891 2898; x_wconf 87' lang='lat' dir='ltr'>Perrino</span> <span class='ocrx_word' id='word_1_224' title='bbox 917 2859 988 2901; x_wconf 81' lang='lat' dir='ltr'>vero</span> <span class='ocrx_word' id='word_1_225' title='bbox 1015 2861 1080 2900; x_wconf 87' lang='lat' dir='ltr'>curn</span> 
     </span>
     <span class='ocr_line' id='line_1_32' title="bbox 33 2909 1083 3008; baseline 0.011 -44"><span class='ocrx_word' id='word_1_226' title='bbox 33 2917 92 2984; x_wconf 59' lang='lat' dir='ltr'>*Flu</span> <span class='ocrx_word' id='word_1_227' title='bbox 105 2909 118 2966; x_wconf 91' lang='lat' dir='ltr'>il</span> <span class='ocrx_word' id='word_1_228' title='bbox 132 2931 180 2973; x_wconf 88' lang='lat' dir='ltr'>non</span> <span class='ocrx_word' id='word_1_229' title='bbox 197 2914 372 2990; x_wconf 76' lang='lat' dir='ltr'>simulante,</span> <span class='ocrx_word' id='word_1_230' title='bbox 397 2925 430 2974; x_wconf 90' lang='lat' dir='ltr'>nt</span> <span class='ocrx_word' id='word_1_231' title='bbox 445 2913 603 3008; x_wconf 87' lang='lat' dir='ltr'>pristinum</span> <span class='ocrx_word' id='word_1_232' title='bbox 625 2912 721 2973; x_wconf 87' lang='lat' dir='ltr'>locum</span> <span class='ocrx_word' id='word_1_233' title='bbox 749 2915 911 2993; x_wconf 88' lang='lat' dir='ltr'>reciperet,</span> <span class='ocrx_word' id='word_1_234' title='bbox 935 2927 997 2975; x_wconf 90' lang='lat' dir='ltr'>tum</span> <span class='ocrx_word' id='word_1_235' title='bbox 1018 2918 1083 2996; x_wconf 89' lang='lat' dir='ltr'>qui·</span> 
     </span>
     <span class='ocr_line' id='line_1_33' title="bbox 33 2982 1083 3083; baseline 0.005 -34"><span class='ocrx_word' id='word_1_236' title='bbox 33 2982 116 3078; x_wconf 55' lang='lat' dir='ltr'>ss‘Ptlat</span> <span class='ocrx_word' id='word_1_237' title='bbox 130 3003 184 3080; x_wconf 65' lang='lat' dir='ltr'>sent</span> <span class='ocrx_word' id='word_1_238' title='bbox 201 2994 298 3052; x_wconf 88' lang='lat' dir='ltr'>omnia</span> <span class='ocrx_word' id='word_1_239' title='bbox 320 3002 501 3080; x_wconf 73' lang='lat' dir='ltr'>composita,</span> <span class='ocrx_word' id='word_1_240' title='bbox 524 2988 576 3050; x_wconf 87' lang='lat' dir='ltr'>sed</span> <span class='ocrx_word' id='word_1_241' title='bbox 601 2989 688 3082; x_wconf 77' lang='lat' dir='ltr'>bonit</span> <span class='ocrx_word' id='word_1_242' title='bbox 708 2989 783 3083; x_wconf 69' lang='lat' dir='ltr'>viriq</span> <span class='ocrx_word' id='word_1_243' title='bbox 795 2990 963 3082; x_wconf 79' lang='lat' dir='ltr'>impositum</span> <span class='ocrx_word' id='word_1_244' title='bbox 984 2995 1083 3072; x_wconf 83' lang='lat' dir='ltr'>potius</span> 
     </span>
     <span class='ocr_line' id='line_1_34' title="bbox 34 3063 1084 3234; baseline 0.003 -34"><span class='ocrx_word' id='word_1_245' title='bbox 34 3063 1084 3234; x_wconf 60' lang='lat' dir='ltr'>ll·tttlrttttlttstl²l¹²rmlttttl‚⁸¹ll&#39;lttttttllttl</span> 
     </span>
     <span class='ocr_line' id='line_1_35' title="bbox 36 3205 1085 3310; baseline 0.002 -32"><span class='ocrx_word' id='word_1_246' title='bbox 36 3205 134 3273; x_wconf 61' lang='lat' dir='ltr'>ulma„</span> <span class='ocrx_word' id='word_1_247' title='bbox 150 3221 175 3278; x_wconf 89' lang='lat' dir='ltr'>in</span> <span class='ocrx_word' id='word_1_248' title='bbox 192 3221 287 3282; x_wconf 82' lang='lat' dir='ltr'>crucis</span> <span class='ocrx_word' id='word_1_249' title='bbox 306 3220 426 3280; x_wconf 87' lang='lat' dir='ltr'>modurn</span> <span class='ocrx_word' id='word_1_250' title='bbox 447 3220 589 3292; x_wconf 79' lang='lat' dir='ltr'>dissectis,</span> <span class='ocrx_word' id='word_1_251' title='bbox 608 3216 714 3309; x_wconf 82' lang='lat' dir='ltr'>quibus</span> <span class='ocrx_word' id='word_1_252' title='bbox 733 3237 808 3310; x_wconf 41' lang='lat' dir='ltr'>sese·</span> <span class='ocrx_word' id='word_1_253' title='bbox 816 3230 921 3278; x_wconf 89' lang='lat' dir='ltr'>mutuo</span> <span class='ocrx_word' id='word_1_254' title='bbox 941 3239 1085 3310; x_wconf 75' lang='lat' dir='ltr'>agqosce-</span> 
     </span>
     <span class='ocr_line' id='line_1_36' title="bbox 37 3289 1085 3376; baseline 0.005 -23"><span class='ocrx_word' id='word_1_255' title='bbox 37 3292 77 3353; x_wconf 48' lang='grc' dir='ltr'>’Νι</span> <span class='ocrx_word' id='word_1_256' title='bbox 92 3289 158 3366; x_wconf 87' lang='lat' dir='ltr'>palan</span> <span class='ocrx_word' id='word_1_257' title='bbox 176 3309 348 3370; x_wconf 83' lang='lat' dir='ltr'>uterentur,</span> <span class='ocrx_word' id='word_1_258' title='bbox 374 3307 405 3354; x_wconf 88' lang='lat' dir='ltr'>et</span> <span class='ocrx_word' id='word_1_259' title='bbox 429 3294 476 3356; x_wconf 89' lang='lat' dir='ltr'>alii</span> <span class='ocrx_word' id='word_1_260' title='bbox 502 3295 562 3355; x_wconf 85' lang='lat' dir='ltr'>suis</span> <span class='ocrx_word' id='word_1_261' title='bbox 585 3293 705 3356; x_wconf 87' lang='lat' dir='ltr'>canrbus</span> <span class='ocrx_word' id='word_1_262' title='bbox 726 3293 840 3355; x_wconf 82' lang='lat' dir='ltr'>Calrrni</span> <span class='ocrx_word' id='word_1_263' title='bbox 861 3313 969 3354; x_wconf 88' lang='lat' dir='ltr'>nornen</span> <span class='ocrx_word' id='word_1_264' title='bbox 990 3315 1085 3376; x_wconf 80' lang='lat' dir='ltr'>rinpo-</span> 
     </span>
     <span class='ocr_line' id='line_1_37' title="bbox 36 3367 1084 3452; baseline 0 -20"><span class='ocrx_word' id='word_1_265' title='bbox 36 3367 143 3432; x_wconf 64' lang='lat' dir='ltr'>umqqq</span> <span class='ocrx_word' id='word_1_266' title='bbox 160 3371 307 3434; x_wconf 79' lang='lat' dir='ltr'>Calvinum</span> <span class='ocrx_word' id='word_1_267' title='bbox 327 3375 360 3433; x_wconf 92' lang='lat' dir='ltr'>in</span> <span class='ocrx_word' id='word_1_268' title='bbox 380 3372 506 3433; x_wconf 80' lang='lat' dir='ltr'>Geinum</span> <span class='ocrx_word' id='word_1_269' title='bbox 526 3369 784 3445; x_wconf 80' lang='lat' dir='ltr'>transformarent,</span> <span class='ocrx_word' id='word_1_270' title='bbox 810 3391 872 3431; x_wconf 93' lang='lat' dir='ltr'>non</span> <span class='ocrx_word' id='word_1_271' title='bbox 893 3372 978 3452; x_wconf 85' lang='lat' dir='ltr'>pauci</span> <span class='ocrx_word' id='word_1_272' title='bbox 999 3373 1084 3432; x_wconf 81' lang='lat' dir='ltr'>‹leni-</span> 
     </span>
    </p>
   </div>
   <div class='ocr_carea' id='block_1_5' title="bbox 36 3436 1086 3524">
    <p class='ocr_par' dir='ltr' id='par_1_5' title="bbox 36 3436 1086 3524">
     <span class='ocr_line' id='line_1_38' title="bbox 36 3436 1086 3524; baseline 0.007 -24"><span class='ocrx_word' id='word_1_273' title='bbox 36 3436 123 3522; x_wconf 64' lang='lat' dir='ltr'>sellio</span> <span class='ocrx_word' id='word_1_274' title='bbox 137 3448 198 3508; x_wconf 86' lang='lat' dir='ltr'>odio</span> <span class='ocrx_word' id='word_1_275' title='bbox 220 3451 372 3510; x_wconf 84' lang='lat' dir='ltr'>abstinere</span> <span class='ocrx_word' id='word_1_276' title='bbox 397 3467 429 3509; x_wconf 87' lang='lat' dir='ltr'>se</span> <span class='ocrx_word' id='word_1_277' title='bbox 452 3469 468 3508; x_wconf 89' lang='lat' dir='ltr'>a</span> <span class='ocrx_word' id='word_1_278' title='bbox 490 3445 593 3508; x_wconf 89' lang='lat' dir='ltr'>Coena</span> <span class='ocrx_word' id='word_1_279' title='bbox 619 3447 743 3506; x_wconf 85' lang='lat' dir='ltr'>Domini</span> <span class='ocrx_word' id='word_1_280' title='bbox 768 3458 957 3508; x_wconf 82' lang='lat' dir='ltr'>testarentur.</span> <span class='ocrx_word' id='word_1_281' title='bbox 997 3445 1086 3524; x_wconf 87' lang='lat' dir='ltr'>Quae</span> 
     </span>
    </p>
   </div>
   <div class='ocr_carea' id='block_1_6' title="bbox 665 2375 1081 2472">
    <p class='ocr_par' dir='ltr' id='par_1_6' title="bbox 665 2375 1081 2472">
     <span class='ocr_line' id='line_1_39' title="bbox 665 2375 1081 2472; baseline 0.017 -35"><span class='ocrx_word' id='word_1_282' title='bbox 665 2375 865 2472; x_wconf 71' lang='lat' dir='ltr'>nadragesimo</span> <span class='ocrx_word' id='word_1_283' title='bbox 878 2391 982 2441; x_wconf 82' lang='lat' dir='ltr'>octavo</span> <span class='ocrx_word' id='word_1_284' title='bbox 994 2399 1081 2462; x_wconf 85' lang='lat' dir='ltr'>snpra</span> 
     </span>
    </p>
   </div>
   <div class='ocr_carea' id='block_1_7' title="bbox 39 3521 1084 3660">
    <p class='ocr_par' dir='ltr' id='par_1_7' title="bbox 39 3521 1084 3660">
     <span class='ocr_line' id='line_1_40' title="bbox 39 3521 1084 3660; baseline 0.009 -81"><span class='ocrx_word' id='word_1_285' title='bbox 39 3524 164 3595; x_wconf 54' lang='lat' dir='ltr'>&#39;mquam</span> <span class='ocrx_word' id='word_1_286' title='bbox 182 3525 297 3586; x_wconf 76' lang='lat' dir='ltr'>sortiter</span> <span class='ocrx_word' id='word_1_287' title='bbox 316 3525 366 3585; x_wconf 92' lang='lat' dir='ltr'>ille</span> <span class='ocrx_word' id='word_1_288' title='bbox 387 3536 417 3585; x_wconf 91' lang='lat' dir='ltr'>et</span> <span class='ocrx_word' id='word_1_289' title='bbox 436 3524 569 3660; x_wconf 70' lang='lat' dir='ltr'>colleqpe</span> <span class='ocrx_word' id='word_1_290' title='bbox 589 3521 678 3604; x_wconf 85' lang='lat' dir='ltr'>ipsius</span> <span class='ocrx_word' id='word_1_291' title='bbox 691 3521 954 3614; x_wconf 74' lang='lat' dir='ltr'>reprehenderent,</span> <span class='ocrx_word' id='word_1_292' title='bbox 975 3525 1084 3588; x_wconf 77' lang='lat' dir='ltr'>vocatis</span> 
     </span>
    </p>
   </div>
   <div class='ocr_carea' id='block_1_8' title="bbox 34 3583 1095 4502">
    <p class='ocr_par' dir='ltr' id='par_1_8' title="bbox 34 3583 1095 4502">
     <span class='ocr_line' id='line_1_41' title="bbox 42 3583 1086 3682; baseline 0.016 -37"><span class='ocrx_word' id='word_1_293' title='bbox 42 3583 152 3657; x_wconf 60' lang='lat' dir='ltr'>2²lruatun</span> <span class='ocrx_word' id='word_1_294' title='bbox 173 3602 241 3662; x_wconf 83' lang='lat' dir='ltr'>sicit</span> <span class='ocrx_word' id='word_1_295' title='bbox 265 3603 385 3682; x_wconf 87' lang='lat' dir='ltr'>quidem</span> <span class='ocrx_word' id='word_1_296' title='bbox 411 3600 496 3662; x_wconf 79' lang='lat' dir='ltr'>facile</span> <span class='ocrx_word' id='word_1_297' title='bbox 545 3618 672 3660; x_wconf 87' lang='lat' dir='ltr'>onerum</span> <span class='ocrx_word' id='word_1_298' title='bbox 697 3601 884 3674; x_wconf 85' lang='lat' dir='ltr'>annocentia,</span> <span class='ocrx_word' id='word_1_299' title='bbox 907 3600 1086 3681; x_wconf 89' lang='lat' dir='ltr'>tandemque</span> 
     </span>
     <span class='ocr_line' id='line_1_42' title="bbox 42 3647 1085 3750; baseline 0.009 -17"><span class='ocrx_word' id='word_1_300' title='bbox 42 3647 241 3738; x_wconf 65' lang='lat' dir='ltr'>lllllbeeernbr.</span> <span class='ocrx_word' id='word_1_301' title='bbox 262 3678 389 3739; x_wconf 86' lang='lat' dir='ltr'>sollenni</span> <span class='ocrx_word' id='word_1_302' title='bbox 409 3675 598 3738; x_wconf 89' lang='lat' dir='ltr'>iureiurando</span> <span class='ocrx_word' id='word_1_303' title='bbox 621 3675 731 3735; x_wconf 86' lang='lat' dir='ltr'>sancita</span> <span class='ocrx_word' id='word_1_304' title='bbox 751 3695 864 3735; x_wconf 88' lang='lat' dir='ltr'>rursum</span> <span class='ocrx_word' id='word_1_305' title='bbox 885 3688 931 3736; x_wconf 86' lang='lat' dir='ltr'>est</span> <span class='ocrx_word' id='word_1_306' title='bbox 949 3677 1085 3750; x_wconf 70' lang='grc' dir='ltr'>ἀμνηςίπι</span> 
     </span>
     <span class='ocr_line' id='line_1_43' title="bbox 38 3731 1086 3835; baseline 0.003 -26"><span class='ocrx_word' id='word_1_307' title='bbox 38 3731 115 3818; x_wconf 53' lang='lat' dir='ltr'>‘illst</span> <span class='ocrx_word' id='word_1_308' title='bbox 129 3754 216 3813; x_wconf 84' lang='lat' dir='ltr'>omnia</span> <span class='ocrx_word' id='word_1_309' title='bbox 236 3775 289 3835; x_wconf 89' lang='lat' dir='ltr'>per</span> <span class='ocrx_word' id='word_1_310' title='bbox 307 3755 524 3816; x_wconf 78' lang='lat' dir='ltr'>simulationem</span> <span class='ocrx_word' id='word_1_311' title='bbox 547 3754 623 3813; x_wconf 85' lang='lat' dir='ltr'>lacta</span> <span class='ocrx_word' id='word_1_312' title='bbox 644 3751 742 3826; x_wconf 85' lang='lat' dir='ltr'>luisse,</span> <span class='ocrx_word' id='word_1_313' title='bbox 763 3771 817 3811; x_wconf 88' lang='lat' dir='ltr'>nec</span> <span class='ocrx_word' id='word_1_314' title='bbox 830 3751 906 3812; x_wconf 88' lang='lat' dir='ltr'>aliud</span> <span class='ocrx_word' id='word_1_315' title='bbox 920 3765 982 3812; x_wconf 91' lang='lat' dir='ltr'>tum</span> <span class='ocrx_word' id='word_1_316' title='bbox 995 3771 1086 3834; x_wconf 89' lang='lat' dir='ltr'>quae-</span> 
     </span>
     <span class='ocr_line' id='line_1_44' title="bbox 37 3821 1087 3912; baseline 0.006 -29"><span class='ocrx_word' id='word_1_317' title='bbox 37 3825 88 3870; x_wconf 53' lang='lat' dir='ltr'>*le</span> <span class='ocrx_word' id='word_1_318' title='bbox 100 3821 244 3904; x_wconf 67' lang='lat' dir='ltr'>lerinum,</span> <span class='ocrx_word' id='word_1_319' title='bbox 272 3851 358 3912; x_wconf 87' lang='lat' dir='ltr'>quarn</span> <span class='ocrx_word' id='word_1_320' title='bbox 379 3843 414 3890; x_wconf 91' lang='lat' dir='ltr'>nt</span> <span class='ocrx_word' id='word_1_321' title='bbox 431 3831 611 3912; x_wconf 79' lang='lat' dir='ltr'>syndicatum</span> <span class='ocrx_word' id='word_1_322' title='bbox 632 3829 754 3907; x_wconf 89' lang='lat' dir='ltr'>adeptus</span> <span class='ocrx_word' id='word_1_323' title='bbox 773 3829 882 3888; x_wconf 89' lang='lat' dir='ltr'>aditum</span> <span class='ocrx_word' id='word_1_324' title='bbox 902 3828 958 3889; x_wconf 86' lang='lat' dir='ltr'>sibi</span> <span class='ocrx_word' id='word_1_325' title='bbox 978 3839 1009 3890; x_wconf 90' lang='lat' dir='ltr'>et</span> <span class='ocrx_word' id='word_1_326' title='bbox 1026 3829 1087 3891; x_wconf 87' lang='lat' dir='ltr'>suis</span> 
     </span>
     <span class='ocr_line' id='line_1_45' title="bbox 35 3881 1086 4000; baseline 0.012 -49"><span class='ocrx_word' id='word_1_327' title='bbox 35 3881 123 3974; x_wconf 58' lang='lat' dir='ltr'>druria</span> <span class='ocrx_word' id='word_1_328' title='bbox 171 3907 277 3968; x_wconf 86' lang='lat' dir='ltr'>rdenda</span> <span class='ocrx_word' id='word_1_329' title='bbox 297 3907 389 4000; x_wconf 70' lang='lat' dir='ltr'>maqis</span> <span class='ocrx_word' id='word_1_330' title='bbox 413 3929 446 3967; x_wconf 88' lang='lat' dir='ltr'>ac</span> <span class='ocrx_word' id='word_1_331' title='bbox 471 3907 561 3990; x_wconf 85' lang='lat' dir='ltr'>magis</span> <span class='ocrx_word' id='word_1_332' title='bbox 582 3903 777 3986; x_wconf 77' lang='lat' dir='ltr'>patefaceret,</span> <span class='ocrx_word' id='word_1_333' title='bbox 803 3917 924 3966; x_wconf 85' lang='lat' dir='ltr'>eventus</span> <span class='ocrx_word' id='word_1_334' title='bbox 948 3920 1086 3988; x_wconf 83' lang='lat' dir='ltr'>compro-</span> 
     </span>
     <span class='ocr_line' id='line_1_46' title="bbox 35 3923 1089 4056; baseline 0.011 -25"><span class='ocrx_word' id='word_1_335' title='bbox 35 3953 81 4056; x_wconf 70' lang='lat' dir='ltr'>leni,</span> <span class='ocrx_word' id='word_1_336' title='bbox 105 3923 222 4042; x_wconf 71' lang='lat' dir='ltr'>llaliinus</span> <span class='ocrx_word' id='word_1_337' title='bbox 240 3998 335 4043; x_wconf 91' lang='lat' dir='ltr'>autem</span> <span class='ocrx_word' id='word_1_338' title='bbox 356 3984 419 4043; x_wconf 79' lang='lat' dir='ltr'>istis</span> <span class='ocrx_word' id='word_1_339' title='bbox 439 3981 712 4043; x_wconf 86' lang='lat' dir='ltr'>concertationibus</span> <span class='ocrx_word' id='word_1_340' title='bbox 728 4001 787 4040; x_wconf 86' lang='grc' dir='ltr'><strong>ιιοιι</strong></span> <span class='ocrx_word' id='word_1_341' title='bbox 808 3982 899 4041; x_wconf 89' lang='lat' dir='ltr'>modo</span> <span class='ocrx_word' id='word_1_342' title='bbox 912 4002 972 4042; x_wconf 91' lang='lat' dir='ltr'>non</span> <span class='ocrx_word' id='word_1_343' title='bbox 993 3981 1089 4055; x_wconf 87' lang='lat' dir='ltr'>cessit,</span> 
     </span>
     <span class='ocr_line' id='line_1_47' title="bbox 34 4051 1088 4140; baseline 0.012 -35"><span class='ocrx_word' id='word_1_344' title='bbox 34 4051 169 4134; x_wconf 47' lang='lat' dir='ltr'>“fanniam</span> <span class='ocrx_word' id='word_1_345' title='bbox 188 4060 267 4137; x_wconf 81' lang='lat' dir='ltr'>quasi</span> <span class='ocrx_word' id='word_1_346' title='bbox 287 4062 315 4120; x_wconf 90' lang='lat' dir='ltr'>in</span> <span class='ocrx_word' id='word_1_347' title='bbox 337 4059 401 4119; x_wconf 91' lang='lat' dir='ltr'>otio</span> <span class='ocrx_word' id='word_1_348' title='bbox 419 4079 467 4118; x_wconf 80' lang='lat' dir='ltr'>ser</span> <span class='ocrx_word' id='word_1_349' title='bbox 480 4057 625 4140; x_wconf 81' lang='lat' dir='ltr'>Epistulas</span> <span class='ocrx_word' id='word_1_350' title='bbox 640 4057 723 4118; x_wconf 86' lang='lat' dir='ltr'>Pauli</span> <span class='ocrx_word' id='word_1_351' title='bbox 743 4057 917 4118; x_wconf 78' lang='lat' dir='ltr'>doctissimis</span> <span class='ocrx_word' id='word_1_352' title='bbox 937 4074 1088 4118; x_wconf 83' lang='lat' dir='ltr'>commen-</span> 
     </span>
     <span class='ocr_line' id='line_1_48' title="bbox 35 4117 1087 4214; baseline 0.004 -27"><span class='ocrx_word' id='word_1_353' title='bbox 35 4117 78 4204; x_wconf 67' lang='lat' dir='ltr'>un,</span> <span class='ocrx_word' id='word_1_354' title='bbox 88 4123 221 4210; x_wconf 73' lang='lat' dir='ltr'>limavit,</span> <span class='ocrx_word' id='word_1_355' title='bbox 240 4148 271 4194; x_wconf 89' lang='lat' dir='ltr'>et</span> <span class='ocrx_word' id='word_1_356' title='bbox 290 4137 412 4195; x_wconf 87' lang='lat' dir='ltr'>lnterim</span> <span class='ocrx_word' id='word_1_357' title='bbox 434 4135 504 4195; x_wconf 91' lang='lat' dir='ltr'>illud</span> <span class='ocrx_word' id='word_1_358' title='bbox 526 4135 605 4214; x_wconf 93' lang='lat' dir='ltr'>quod</span> <span class='ocrx_word' id='word_1_359' title='bbox 625 4145 749 4210; x_wconf 76' lang='lat' dir='ltr'>vocant,</span> <span class='ocrx_word' id='word_1_360' title='bbox 768 4135 987 4214; x_wconf 84' lang='lat' dir='ltr'>pessumdandis</span> <span class='ocrx_word' id='word_1_361' title='bbox 1009 4135 1087 4192; x_wconf 87' lang='lat' dir='ltr'>Ger-</span> 
     </span>
     <span class='ocr_line' id='line_1_49' title="bbox 35 4201 1090 4290; baseline 0.006 -26"><span class='ocrx_word' id='word_1_362' title='bbox 35 4201 236 4271; x_wconf 60' lang='lat' dir='ltr'>terraemotis</span> <span class='ocrx_word' id='word_1_363' title='bbox 261 4213 389 4287; x_wconf 80' lang='lat' dir='ltr'>editum,</span> <span class='ocrx_word' id='word_1_364' title='bbox 441 4213 588 4272; x_wconf 80' lang='lat' dir='ltr'>rarissimo</span> <span class='ocrx_word' id='word_1_365' title='bbox 613 4210 724 4290; x_wconf 89' lang='lat' dir='ltr'>scripto</span> <span class='ocrx_word' id='word_1_366' title='bbox 750 4211 903 4284; x_wconf 81' lang='lat' dir='ltr'>refutavit,</span> <span class='ocrx_word' id='word_1_367' title='bbox 934 4222 1090 4285; x_wconf 82' lang='lat' dir='ltr'>veramque</span> 
     </span>
     <span class='ocr_line' id='line_1_50' title="bbox 41 4277 1093 4368; baseline 0.005 -33"><span class='ocrx_word' id='word_1_368' title='bbox 41 4277 170 4340; x_wconf 62' lang='lat' dir='ltr'>turnum,</span> <span class='ocrx_word' id='word_1_369' title='bbox 202 4287 339 4348; x_wconf 86' lang='lat' dir='ltr'>ecclesiae</span> <span class='ocrx_word' id='word_1_370' title='bbox 377 4301 520 4348; x_wconf 77' lang='lat' dir='ltr'>rationem</span> <span class='ocrx_word' id='word_1_371' title='bbox 556 4287 702 4348; x_wconf 87' lang='lat' dir='ltr'>ostendit:</span> <span class='ocrx_word' id='word_1_372' title='bbox 743 4287 942 4368; x_wconf 76' lang='lat' dir='ltr'>Astrologiae&#39;</span> <span class='ocrx_word' id='word_1_373' title='bbox 964 4287 1093 4360; x_wconf 83' lang='lat' dir='ltr'>denique</span> 
     </span>
     <span class='ocr_line' id='line_1_51' title="bbox 37 4352 1095 4502; baseline 0.005 -84"><span class='ocrx_word' id='word_1_374' title='bbox 37 4356 83 4410; x_wconf 61' lang='lat' dir='ltr'>lli*</span> <span class='ocrx_word' id='word_1_375' title='bbox 96 4352 253 4424; x_wconf 71' lang='lat' dir='ltr'>iudiciariam</span> <span class='ocrx_word' id='word_1_376' title='bbox 272 4376 395 4440; x_wconf 72' lang='lat' dir='ltr'>vomet,</span> <span class='ocrx_word' id='word_1_377' title='bbox 418 4366 465 4426; x_wconf 86' lang='lat' dir='ltr'>cui</span> <span class='ocrx_word' id='word_1_378' title='bbox 491 4363 654 4446; x_wconf 85' lang='lat' dir='ltr'>plusculum</span> <span class='ocrx_word' id='word_1_379' title='bbox 674 4363 806 4502; x_wconf 67' lang='lat' dir='ltr'>tribqeqe</span> <span class='ocrx_word' id='word_1_380' title='bbox 826 4380 887 4422; x_wconf 88' lang='lat' dir='ltr'>uun</span> <span class='ocrx_word' id='word_1_381' title='bbox 909 4359 994 4437; x_wconf 84' lang='lat' dir='ltr'>pauci</span> <span class='ocrx_word' id='word_1_382' title='bbox 1014 4359 1095 4416; x_wconf 72' lang='lat' dir='ltr'>vidt-</span> 
     </span>
    </p>
   </div>
   <div class='ocr_carea' id='block_1_9' title="bbox 0 0 1288 4840">
    <p class='ocr_par' dir='ltr' id='par_1_9' title="bbox 0 0 1288 4840">
     <span class='ocr_line' id='line_1_52' title="bbox 0 0 1288 4840; baseline 0 0"><span class='ocrx_word' id='word_1_383' title='bbox 0 0 1288 4840; x_wconf 95' lang='lat' dir='ltr'> </span> 
     </span>
    </p>
   </div>
  </div>
 </body>
</html>
