2560 4848
242 245 302 325 (92
321 245 538 308 Testimonium
558 245 626 308 lesu
646 245 683 308 de
702 245 842 324 insane.)
1050 255 1107 316 fflt

24 397 112 454 unm.
148 387 415 458 sternentur
434 395 597 480 recipere,
626 397 696 480 ipse
720 403 769 459 est
788 391 895 470 Elias,
915 394 974 480 qni
993 403 1104 464 ventu·

23 511 57 554 ms
73 497 136 556 erat.
173 489 219 556 15.
237 491 304 580 Qui
324 491 423 559 habet
445 515 539 560 aures
560 493 601 558 ad
625 491 834 574 audiendum,
857 491 979 560 audiat.

76 619 158 688 LUC.
185 624 253 692 vlt.
299 627 350 692 24.
377 626 422 692 Et
448 649 546 716 quum
574 626 797 694 discessissent
830 629 937 694 nuntii
965 626 1103 709 loannis,

21 725 92 808 coepit
110 721 208 791 dicere
230 725 270 790 ad
299 721 408 794 turbas
442 727 484 794 de
506 729 646 808 Ioanne,
684 727 900 815 Quidvisuri
934 730 1041 794 existis
1069 729 1104 795 in

20 821 156 890 desertum?
186 826 389 906 arundinem,
417 851 501 914 quae
529 840 629 896 vento
657 832 815 913 agitatori
856 830 910 896 25.
934 827 1001 894 Sed
1024 827 1104 916 qnid

20 927 90 987 existis
106 927 216 992 riseri?
241 927 403 992 hominem
430 927 584 994 mollibus
604 931 804 996 vestimentis
825 929 993 996 indutum?
1026 949 1103 996 ecce

19 1025 52 1108 qui
73 1025 225 1091 investito
245 1025 421 1114 splendido
445 1037 477 1092 et
505 1027 631 1094 deliciis
664 1039 774 1115 agunt,
811 1033 846 1096 in
877 1029 959 1096 aulis
991 1051 1101 1116 regum

18 1133 71 1186 snt
102 1127 148 1192 26.
165 1125 231 1192 Sed
256 1127 336 1214 quid
356 1129 457 1194 visuri
480 1129 606 1194 existis?
640 1129 855 1216 Prophetam?
889 1134 1002 1218 utique
1025 1131 1101 1200 dieo

17 1221 77 1287 ulis
92 1235 119 1289 et
138 1225 208 1314 plus
221 1247 319 1313 qrmm
333 1228 538 1314 Prophetam.
564 1231 616 1295 27.
640 1230 704 1294 llio
724 1242 782 1310 est,
803 1231 846 1296 de
867 1250 933 1318 quo
948 1235 1101 1319 scriptum

18 1331 52 1398 est,
67 1323 136 1390 Ecce
156 1329 243 1392 mitto
266 1326 417 1414 angelum
437 1349 542 1392 meum
567 1339 641 1394 onte
664 1329 779 1396 taciem
799 1340 902 1414 tuam,
930 1335 986 1418 qui
1009 1355 1101 1420 prae·

17 1422 102 1504 parabit
120 1428 198 1492 cmm
220 1438 308 1492 mam
331 1437 405 1494 ante
428 1439 469 1494 te.
510 1429 561 1494 28.
582 1429 667 1496 Dico
691 1433 777 1498 enim
797 1431 908 1510 vobis,
927 1435 1032 1502 maior
1053 1437 1101 1504 in·

16 1529 46 1584 tu
58 1536 132 1592 natos
151 1549 187 1593 ex
206 1527 399 1592 mulieribus
421 1528 583 1614 Propheta
603 1531 727 1598 loaune
740 1531 886 1618 Baptista
906 1531 1017 1599 nullus
1036 1543 1099 1600 ests

16 1631 109 1689 stamen
139 1631 192 1716 qui
225 1631 376 1693 minimus
408 1638 457 1694 est
489 1631 524 1694 in
557 1650 658 1716 regno
693 1629 776 1712 Dei,
812 1633 916 1698 maior
950 1643 998 1698 est
1032 1632 1101 1702 lllo.

15 1717 69 1788 ll'l.
94 1727 136 1790 lii.
155 1727 220 1794 Lex
243 1739 276 1794 et
297 1729 481 1816 Prophetae
503 1750 606 1818 usque
634 1731 677 1796 ad
698 1731 871 1800 loannem:
892 1733 936 1798 ab.
957 1756 998 1800 eo
1023 1743 1100 1800 iern-

15 1841 67 1904 pore
85 1847 204 1912 regnum
216 1829 285 1894 Dei
305 1832 521 1910 annuntiatur,
544 1841 576 1896 et
592 1851 704 1898 ornnes
724 1834 760 1899 in
779 1831 864 1900 illud
885 1837 948 1902 vim
970 1833 1100 1902 iaciunt.

60 1954 143 2018 llattii.
162 1965 191 2026 7.
228 1957 376 2020 Euntibus
393 1973 488 2020 notun
506 1960 565 2020 iiiia
583 1975 635 2022 ete.
676 1960 875 2030 Commendat
891 1963 1026 2030 Christus
1046 1966 1099 2028 lo·

15 2047 83 2090 aurem
99 2036 213 2124 populo,
232 2048 266 2104 ut
288 2037 430 2098 memoria
449 2049 586 2119 repetant
598 2037 678 2119 quod
698 2040 851 2106 audierant
870 2060 905 2102 ex
923 2041 998 2122 ipso,
1019 2045 1098 2104 cios-

14 2123 48 2182 qsc
62 2113 210 2176 testimonio
231 2112 361 2175 habeant
380 2113 477 2174 fidem.
518 2113 645 2176 Celebre
668 2115 747 2180 enim
767 2128 832 2178 erat
849 2115 938 2199 vulgo
959 2117 1020 2180 eius
1041 2140 1097 2178 no-

14 2197 66 2256 aen,
80 2198 104 2245 et
120 2185 284 2252 honorilice
304 2189 340 2250 de
362 2209 399 2250 eo
418 2187 632 2270 loquebantur:
658 2189 792 2258 doctrina
812 2203 908 2254 autern
929 2193 1045 2256 minore
1066 2193 1097 2254 in

13 2263 74 2392 pptio
91 2276 154 2340 erat,
173 2265 233 2326 imo
254 2266 342 2348 pauci
364 2277 458 2341 erant,
478 2265 529 2347 qui
548 2267 738 2328 attenderent
756 2267 793 2330 ad
813 2267 875 2329 eius
894 2268 1096 2330 ministerium.

42 2351 119 2400 nooet
141 2354 237 2404 eutem
263 2339 414 2416 Christus,
444 2364 495 2404 eos
519 2364 641 2424 operam
666 2341 784 2420 lusisse,
814 2343 865 2423 qui
890 2342 952 2405 eius
976 2345 1097 2408 videndi

13 2427 66 2471 oua
81 2415 105 2474 in
123 2415 267 2481 desertum
290 2419 417 2498 proiecti
438 2431 531 2496 crant,
551 2419 609 2480 nisi
628 2431 799 2482 reverenter
817 2431 931 2488 mentes
952 2432 982 2482 et
1000 2421 1097 2482 studia

12 2501 43 2544 su
56 2489 183 2569 applicent
201 2496 237 2556 ad
259 2494 322 2556 eius
343 2495 516 2557 doctrinam.
556 2495 659 2576 ltaque
678 2515 779 2558 sensus
798 2495 955 2558 verborum
976 2507 1030 2572 est,
1048 2517 1098 2558 vos

13 2565 78 2624 mser
92 2569 119 2628 in
134 2567 285 2632 desertum
325 2569 421 2632 Stulta
441 2573 564 2636 omnino
586 2585 618 2635 et
635 2569 756 2640 ridicula
776 2571 1014 2650 funestissima,
1040 2573 1097 2636 nisi

14 2653 88 2700 certum
104 2643 185 2708 finem
205 2647 333 2710 liaberet
351 2660 445 2708 vestra
465 2647 623 2728 profectio.
661 2648 753 2728 Atqui
772 2669 870 2730 neque
889 2649 992 2710 mundi
1012 2672 1097 2732 pom·

13 2729 61 2788 tto,
75 2739 157 2800 neque
176 2723 289 2803 aliquid
310 2721 453 2784 ludicrum
475 2725 642 2804 quaesistis,
661 2725 713 2787 sed
734 2726 816 2789 vobis
838 2726 1020 2806 propositum
1042 2725 1097 2788 luit

13 2789 77 2852 nlire
92 2819 185 2860 rocem
204 2801 265 2860 Dei
286 2821 320 2861 ex
338 2821 392 2862 ore
412 2799 589 2880 Prophetae.
632 2801 720 2862 Nune
740 2823 813 2886 ergo
838 2814 872 2863 ut
896 2804 1023 2864 iructum
1048 2824 1095 2862 re-

14 2859 77 2930 ltratis
93 2877 197 3014 consilllii
215 2875 325 2954 vestri,
347 2877 508 2946 memoriae
526 2887 639 2944 vestrae
658 2877 778 2942 inlisum
797 2892 928 2957 maneat,
948 2880 1030 2962 quod
1051 2880 1095 2942 lo-

59 2969 82 3008 ns
98 2953 163 3014 esti
186 2975 211 3014 e.

13 2955 80 3104 lm&
114 3027 168 3120 livi
185 3029 427 3108 malagromus.
479 3029 633 3092 Falluntur
663 3031 713 3112 qui
743 3041 865 3113 putant,
897 3029 955 3094 hoc
986 3029 1097 3092 Christi

13 3085 63 3176 litto
78 3103 172 3167 aetnae
191 3105 317 3167 lautitias
331 3105 476 3174 minitari:
496 3106 545 3166 alii
565 3119 634 3167 sunt
653 3108 712 3170 loci
725 3107 902 3188 complures,
922 3107 974 3167 ubi
986 3105 1096 3168 luxuria

12 3187 30 3226 u
43 3178 123 3240 vestitu
142 3194 171 3242 et
189 3183 363 3250 immodicus
385 3183 464 3246 nitor
484 3183 717 3263 reprelienditur.
760 3183 820 3243 Sed
847 3183 930 3244 huius
949 3182 1008 3242 loci
1028 3201 1095 3242 sen-

12 3261 92 3337 ffltest
110 3257 286 3340 simplicior,
319 3259 393 3328 nihil
423 3259 509 3320 luisse
539 3259 598 3320 tale
623 3259 653 3320 in
683 3259 816 3334 deserto,
848 3255 1096 3396 quodnpopulum

12 3323 102 3412 itique
119 3334 260 3404 alliceret:
279 3334 338 3396 illic
360 3335 436 3396 enirn
458 3336 567 3397 inculta
589 3337 689 3398 omnia
711 3349 740 3396 et
754 3333 851 3416 squali
872 3357 888 3396 a
907 3334 1004 3408 fursee,
1021 3352 1096 3413 quae

12 3397 146 3484 mlrlquam
166 3412 296 3478 taedium
316 3409 473 3473 allerrent:
503 3410 668 3493 elegantem
689 3411 817 3488 cultum,
847 3409 899 3494 qui
922 3407 1025 3472 oculos
1045 3407 1096 3470 de·

12 3465 78 3550 lilii,
94 3487 182 3564 potius
202 3489 233 3550 in
254 3509 359 3570 regum
377 3488 448 3548 aulis
468 3489 602 3568 spectari.
969 3563 976 3578 ·

49 3565 96 3641 ¹ll·
129 3567 227 3626 Amen
246 3561 311 3626 dico
330 3563 476 3626 podismo.
516 3565 570 3628 llis
589 3564 685 3626 verbis
705 3587 765 3626 noo
787 3563 878 3627 modo
898 3575 1026 3626 sancitur
1045 3561 1096 3624 lo·

12 3643 255 3718 oppressorios,
296 3642 347 3702 sed
386 3663 473 3722 supra
505 3655 617 3702 veteres
650 3641 823 3722 Prophetias
862 3641 997 3702 evehitur
1035 3640 1097 3702 eius

12 3695 119 3788 doctrina,
147 3730 179 3778 ut
203 3717 330 3798 populus
355 3719 391 3780 ad
417 3731 529 3778 rectum
551 3717 703 3788 ministerii
723 3719 784 3782 eius
808 3739 930 3798 scopum
950 3715 1097 3778 collimets

12 3795 54 3838 ⁰³³1
86 3791 125 3850 uia
142 3814 203 3854 non
222 3793 414 3873 reputabant,
434 3815 574 3874 quorsum
595 3806 671 3858 esset
689 3794 806 3868 missus,
825 3793 894 3854 hinc
914 3793 1022 3854 lactum
1043 3805 1098 3868 est,

12 3863 31 3908 ll
48 3807 107 3946 tilii
134 3867 194 3930 lere
225 3869 404 3950 proficerent
429 3893 462 3936 ex
482 3872 544 3932 eius
569 3891 714 3936 securene.
762 3869 835 3934 ldeo
858 3869 990 3960 Christus
1008 3890 1097 3960 supra

12 3931 108 4002 lilitem
125 3943 338 4026 Prophetarum
358 3947 452 4028 ipsum
473 3944 584 4012 extollit
604 3959 636 4006 et
654 3945 741 4018 locat,
761 3959 793 4008 ut
812 3946 959 4028 peculiare
978 3943 1098 4026 aliquod

12 4015 206 4089 percutentes
233 4022 275 4086 ilii
295 4024 393 4084 datum
415 4023 502 4084 luisse
525 4021 693 4084 mandatum
714 4023 834 4084 discant.
883 4021 976 4097 Quod
1000 4033 1096 4083 autem

12 4092 134 4174 liitalilri
164 4112 268 4181 negat,
300 4119 331 4160 se
359 4120 421 4160 osse
447 4097 641 4178 Prophetam,
673 4103 850 4162 contrarium
875 4121 936 4159 non
961 4109 1006 4158 cst
1029 4095 1098 4156 huie

13 4157 91 4250 [lusti
108 4171 209 4254 elogio.
249 4173 398 4256 Propheta
418 4175 537 4254 quidem
557 4195 619 4234 non
640 4175 694 4234 luit
713 4175 837 4238 aliorum
859 4195 952 4245 more,
973 4191 1046 4252 quos
1067 4179 1097 4228 et

29 4251 71 4314 lgu
87 4244 269 4330 interpretes,
294 4265 326 4313 ct
349 4272 420 4315 suae
446 4249 604 4312 voluntatis
629 4251 829 4313 internuntios
850 4250 920 4314 olim
939 4249 1021 4308 Deos
1041 4243 1098 4304 Ec.-

15 4309 88 4378 dui„
104 4345 164 4398 suae
182 4329 377 4407 praefecerat:
409 4325 600 4390 excellentior
619 4339 716 4390 tamen
738 4341 801 4388 erat
821 4323 995 4406 Prophetis,
1020 4319 1100 4402 quod
