2502 4854
156 347 187 391 Vl

157 479 248 557 dere,
268 475 321 541 vel
343 471 452 540 furtim
475 470 604 537 aulerre
626 479 770 550 conatur,
791 489 859 535 non
881 469 945 536 hoc
966 472 1026 558 agit
1045 468 1137 548 modo,
1152 481 1179 536 ot
1193 490 1229 534 nn

157 599 260 668 datam
289 595 472 683 praecipuis
502 591 569 657 suis
601 592 795 658 ornamentis
823 589 935 656 urbem
962 601 1089 656 vestram
1114 589 1227 662 delumet

157 718 214 786 sed
238 719 307 784 eius
329 735 461 802 quoque
483 712 577 778 saluti
599 709 739 798 maligne
761 709 892 778 invidet.
926 709 1076 798 Qnarnvis
1093 712 1163 801 enim
1179 729 1230 796 qua

157 839 290 907 Christo
314 846 346 901 et
370 834 524 922 dispersis
561 833 632 898 eius
669 831 821 898 memhris
854 841 1052 919 praestantur
1078 831 1125 898 hic
1147 825 1235 933 Μ

158 959 265 1026 ollicia
298 957 431 1024 caninos
463 954 635 1039 impiorum
671 951 801 1018 latratus
828 964 1020 1038 provocent,
1053 954 1151 1017 merito
1167 959 1234 1013 lano

157 1082 237 1146 haec
258 1075 352 1144 vohis
375 1095 438 1140 uua
460 1073 680 1160 compensatio
708 1074 784 1137 satis
814 1093 884 1137 csse
911 1071 1021 1153 dehet,
1046 1071 1127 1160 quod
1145 1093 1159 1135 e
1175 1065 1244 1133 osto

157 1195 277 1286 angeli,
308 1206 400 1278 etex
423 1192 575 1260 omnihus
598 1190 710 1258 muudi
732 1192 834 1280 plagis
857 1191 916 1260 lilii
938 1195 1000 1262 Ilei
1022 1189 1238 1269 benedicunhq

158 1341 271 1385 secure
293 1315 436 1404 putidam
460 1335 572 1378 curum
596 1311 849 1383 maledicentiam
872 1337 1024 1402 spernere
1047 1313 1143 1392 liceat,
1161 1292 1239 1397 quihd

158 1443 191 1505 in
214 1439 316 1503 Deum
339 1439 443 1524 ipsum
464 1434 537 1524 plus
562 1455 657 1520 quam
679 1437 713 1500 in
736 1455 796 1500 vos
818 1433 948 1522 quidvis
971 1456 1116 1502 evomere
1132 1429 1198 1497 nulla
1213 1386 1239 1495 d

160 1557 282 1644 religio,
299 1579 358 1622 nec
374 1554 499 1644 pudor,
522 1557 586 1620 imo
599 1556 654 1642 qui
666 1551 761 1619 vobis
777 1553 942 1621 detrahere
953 1553 1096 1622 volentes
1107 1577 1122 1618 a
1135 1555 1183 1617 Dei
1194 1552 1236 1613 oti

160 1675 287 1744 tomello
306 1677 471 1762 incipiunt.
516 1675 672 1760 Quamvis
693 1673 803 1741 eadem
825 1677 907 1741 haec
928 1679 1057 1742 occasio
1079 1633 1237 1740 multomnl

160 1821 219 1864 vos
244 1796 318 1863 odia
342 1795 527 1873 inflammet,
558 1795 639 1860 nihil
666 1805 770 1860 tamen
800 1794 877 1862 inde
902 1796 997 1864 vohis
1026 1791 1202 1863 metuendum

160 1917 313 2008 periculi,
335 1916 488 2002 quamdiu
510 1936 621 1980 eorum
645 1913 748 1981 furori
770 1937 882 1982 manus
904 1939 982 1983 suae
1006 1915 1129 1982 tutelam
1148 1929 1213 2000 oppt

161 2037 225 2118 ille,
248 2040 303 2126 qui
325 2035 426 2102 lidum
449 2058 483 2100 se
506 2037 652 2124 promisit
674 2058 781 2102 earum
805 2035 934 2103 urhiunr
957 2037 1028 2102 lore
1048 2034 1197 2108 custodem,

162 2168 192 2226 et
215 2157 308 2238 sedes
332 2159 391 2222 erit
408 2154 574 2242 Evangelii
597 2158 647 2222 sui
671 2155 845 2238 doctrinae,
867 2167 898 2222 et
915 2159 978 2246 piis
1002 2154 1179 2232 horninibus,
1243 2185 1244 2200 2

162 2279 246 2346 lerre
267 2275 407 2344 usuardus
431 2277 550 2362 nequit,
574 2274 703 2342 dahitur
725 2276 832 2365 aliqua
855 2280 959 2342 statio.
1002 2277 1133 2354 Omitto,
1148 2269 1211 2360 quod
1243 2307 1244 2314 κ

162 2397 323 2487 placando
345 2397 409 2463 hoo
429 2397 568 2463 hostium
591 2419 707 2482 genere
729 2419 788 2462 vos
812 2419 883 2464 esse
905 2395 1063 2464 sollicitos
1085 2393 1159 2464 nihil
1174 2391 1211 2458 att'

163 2517 295 2607 quando
324 2538 420 2582 nemo
448 2515 543 2582 vohis
570 2515 715 2583 inlcusus
742 2526 789 2582 est
817 2517 983 2604 Evangelii
1012 2538 1123 2598 eausa,
1147 2516 1190 2602 qui

163 2658 223 2705 vos
245 2637 367 2724 alioqui
390 2637 441 2702 vel
463 2635 607 2723 perditos
630 2659 703 2702 esse
723 2639 830 2725 cupiat
851 2637 902 2704 vel
917 2657 1105 2726 oppressos.
1130 2636 1208 2704 Caele

164 2770 199 2824 ut
222 2758 342 2834 demus,
365 2759 494 2824 nonnisi
515 2757 598 2822 hano
620 2757 664 2824 oh
682 2779 808 2824 causam
820 2779 881 2826 vos
897 2759 1057 2846 professis
1072 2780 1161 2825 sanae
1175 2753 1207 2819 do

164 2899 224 2944 nae
246 2876 436 2942 adversariis
459 2899 530 2942 esse
547 2899 683 2956 exosos,
711 2881 786 2966 quia
814 2891 923 2946 vestro
950 2883 1205 2968 patrociniorum

164 2997 253 3064 londi
279 2997 408 3076 vident,
443 2996 635 3086 posthabitis
668 3009 775 3065 tamen
807 3021 918 3066 eornm
947 2995 1219 3068 machinationibus

164 3120 273 3197 minis,
309 3118 376 3184 duo
405 3118 486 3184 haec
512 3121 631 3184 invicta
658 3121 901 3207 propugnacula
929 3133 1114 3188 constanter
1132 3117 1199 3185 tueri

165 3239 270 3318 decet,
305 3261 405 3327 purae
437 3237 603 3326 religionis
635 3239 755 3304 cultum
784 3251 815 3306 et
841 3245 924 3330 piam
953 3244 1115 3310 lovcudae
1140 3235 1201 3304 Eccl

165 3382 283 3440 coram,
305 3383 399 3446 quam
416 3359 565 3426 Christus
585 3358 644 3424 alis
659 3362 775 3426 vestris
802 3363 967 3446 tegendam
997 3365 1160 3430 corrrurisit.

166 3480 206 3548 ad
230 3483 375 3546 convicia
397 3482 546 3566 pertinet,
569 3479 686 3566 quihus
708 3501 769 3546 nos
793 3483 947 3550 meritorii
973 3483 1080 3574 Papae
1102 3479 1212 3548 rahulae

166 3613 306 3677 cessum,
342 3597 553 3664 delectionem
581 3599 623 3666 ah
651 3598 796 3668 Ecclesia
825 3623 909 3684 esse,
941 3603 1031 3692 quad
1059 3627 1131 3672 eum
1157 3603 1198 3664 lto

166 3720 243 3788 sede
270 3721 402 3786 lecimus
433 3719 617 3800 dissidium,
654 3724 773 3786 utinam
806 3745 885 3792 vero
914 3726 1007 3814 plena
1040 3725 1158 3790 fiducia
1187 3742 1201 3782 e

166 3843 240 3907 Deo
268 3850 298 3906 et
326 3839 447 3926 angelis
477 3843 583 3908 testari
611 3838 707 3908 nohis
734 3841 856 3922 liceret,
896 3845 937 3910 ah
965 3845 1019 3913 illa
1047 3845 1212 3922 colluvies

166 3961 355 4049 longissime
373 3981 436 4026 nos
459 3960 580 4038 ahesse,
603 3971 639 4026 ut
659 3963 763 4029 facilis
785 3975 833 4030 est
854 3986 892 4031 ac
914 3965 1059 4056 expedita
1073 3963 1214 4034 eioscrin

166 4105 232 4171 quo
246 4101 308 4148 nos
319 4101 451 4168 gravare
466 4079 579 4159 solent,
599 4080 756 4150 delensis.
795 4084 982 4154 Catholicae
1000 4085 1122 4152 scilieet
1139 4077 1203 4148 Ecel
1243 4137 1245 4140 ,

166 4203 260 4270 titulo
281 4201 468 4289 gloriantur,
490 4203 603 4288 quiin
626 4205 774 4269 universa
796 4205 893 4292 Legis
916 4218 947 4274 et
968 4203 1134 4294 Erpngetti
1154 4195 1245 4264 doctri

166 4333 289 4408 partem
310 4321 429 4388 nullasu
451 4343 471 4387 a
492 4321 597 4389 loedis
619 4323 813 4411 corruptelis
835 4328 988 4414 integram
1010 4325 1245 4414 reliquerunt-l

168 4450 268 4506 toturn
282 4441 345 4507 Dei
362 4441 482 4510 cultum
499 4443 762 4528 superstitionum
783 4464 916 4513 suarum
937 4447 1060 4514 loetore
1081 4441 1245 4532 pralaoaun

1068 4798 1120 4819 ..k
