2678 4860
246 267 249 278 ’
351 251 434 330 (20⁰.
473 251 554 315 Iesus
574 249 604 314 in
625 249 844 330 Getbseruane.)
903 257 906 266 '
1041 298 1046 314 ι
1090 255 1148 318 825

91 405 135 468 39.
154 399 338 487 Progressus
352 407 507 484 pusillum.
546 400 627 466 Alibi
652 403 772 468 vidimus
791 403 963 484 Dominum,
985 425 1043 488 qno
1061 395 1098 468 se'
1110 405 1147 470 ad

47 479 147 542 taionem
173 481 312 563 precandi
331 483 538 544 vehementiam
564 481 749 556 accenderet,
777 482 839 544 sine
862 483 978 546 testibus
1000 495 1144 564 precatum

47 579 86 618 sse.
122 559 191 618 Nam
211 558 247 618 ab
269 559 416 619 bominum
441 571 595 640 conspectu
621 558 767 634 subducti,
791 557 890 622 meiius
913 581 1011 621 sensus
1030 571 1146 626 nostros

47 633 184 716 affigimus,
217 646 250 694 ut
270 635 358 718 magis
382 637 416 696 ad
440 636 468 695 id
488 637 565 718 quod
584 635 692 718 agimus
711 635 814 696 intenti
834 636 897 697 sint
936 633 1061 696 Necesse
1082 637 1144 717 qui-

47 732 80 770 em
102 731 158 770 non
185 722 243 784 est,
273 711 384 792 quoties
410 733 492 772 orare
516 711 658 787 uolumus,
695 711 724 772 in
750 723 876 773 remotos
903 711 1020 796 angulos
1044 711 1148 807 fogere,

47 791 87 845 'mu
110 807 168 846 non
192 807 307 870 semper
331 789 477 868 expedit),
509 790 558 849 scd
579 787 628 846 nbi
652 787 742 847 maior
765 788 855 868 aliqua
877 802 962 874 urget
984 801 1146 868 necessitas,

47 865 79 922 nia
95 861 206 924 liberius
228 865 259 923 in
279 864 433 925 solitudine
453 886 483 924 se
504 865 626 925 effundit
645 865 744 924 orandi
765 863 873 940 fervor,
898 863 981 926 nobis
1007 865 1081 946 utile¹
1102 863 1148 937 est'

47 961 135 998 rursum
154 959 245 1002 orare.
287 941 400 1018 Quodsi
427 941 512 1002 Filius
536 941 593 1002 Dei
620 942 676 1002 boc
701 939 898 1004 adminiculum
921 963 982 1002 nou
1007 939 1149 1036 neglexit,

47 1016 75 1074 lus
92 1037 169 1096 qnam
189 1015 287 1094 insana
309 1018 439 1098 superbia
460 1017 550 1093 foret,
578 1015 732 1078 nunidem
752 1018 781 1077 in
801 1039 883 1078 usum
904 1030 1033 1078 nostrum
1050 1030 1149 1095 trans„

47 1109 95 1154 erre.
131 1093 212 1154 Adde
235 1093 315 1188 quod
333 1093 382 1154 ubi
409 1093 485 1155 solus
511 1095 588 1158 Deus
612 1104 655 1154 est
676 1093 797 1169 arbiter,
833 1093 896 1176 quia
923 1105 992 1154 tunc
1018 1095 1148 1158 timenda*

47 1187 74 1225 nn
96 1180 135 1228 est
157 1166 289 1244 ambitio,
321 1170 409 1252 magis
434 1169 609 1232 familiariter
633 1191 696 1230 sese
719 1171 841 1232 denudat
865 1166 951 1232 lidelis
975 1170 1082 1248 anima,
1113 1163 1148 1242 e't'

48 1243 157 1324 uplicins
177 1266 227 1306 sua
246 1259 313 1308 vota
348 1247 483 1330 gemitus,
510 1267 603 1320 curas,
627 1265 765 1328 pavores,
789 1267 852 1328 spes
871 1255 900 1307 et
919 1247 1019 1330 gandia
1037 1244 1149 1316 inlici

48 1341 102 1379 num
124 1333 289 1400 exonerat.¹
345 1343 393 1384 eus
418 1335 513 1384 autem
537 1322 639 1384 multas
668 1321 786 1404 ineptias
815 1321 870 1383 suis
893 1324 1047 1418 permittit,
1076 1323 1150 1388 ‹lum'

47 1417 134 1457 eorsum
159 1411 257 1472 oraru,
289 1421 360 1485 quae
384 1400 414 1459 in
438 1399 561 1460 humano
587 1409 743 1478 conspectu
767 1407 960 1462 ostentatione
983 1421 1044 1462 non
1064 1404 1148 1470 care-¹

47 1483 86 1529 ent
121 1473 185 1556 lpso
211 1475 296 1536 etiam
322 1487 420 1560 gestu,
475 1482 545 1536 num'
566 1475 596 1535 in
620 1485 724 1536 terram
749 1475 887 1555 procidit,
919 1477 1019 1537 seriam
1044 1475 1147 1543 orandi
1231 1543 1235 1554 ,

47 1547 211 1611 eltementiam
233 1563 353 1613 testatus
374 1563 425 1614 est.
494 1573 538 1612 am
561 1551 614 1613 etsi
633 1551 808 1638 genuflexio,
827 1564 959 1634 tanquam
978 1554 1096 1615 honoris
1109 1575 1148 1643 ac,

47 1625 185 1687 everentiae
204 1623 380 1710 symbolum,
400 1629 591 1690 communiter
608 1629 741 1712 precibus
760 1628 883 1688 adhiberi
905 1625 992 1704 solet,
1014 1629 1143 1692 Christus

47 1721 108 1760 tuen
126 1703 291 1786 suppliciter
314 1706 344 1764 in
369 1717 444 1765 terra
468 1707 600 1782 iacendo,
633 1725 686 1785 pro
705 1705 898 1789 magnitudine
921 1703 1027 1782 doloris
1047 1705 1089 1768 sui
1108 1700 1152 1768 ad'

47 1775 191 1839 iterabilem
214 1779 342 1841 habitum
362 1803 392 1843 se
413 1781 556 1844 fumnanit.
595 1781 690 1842 Pater
709 1785 766 1854 mi,
787 1786 815 1843 si
830 1785 973 1864 possibile
991 1791 1047 1844 est.
1067 1783 1149 1850 Fra-¹,

47 1873 73 1912 ra
90 1853 214 1916 laborant
238 1857 350 1938 quidam
374 1867 408 1916 ut
431 1859 595 1935 ostendant,
634 1876 695 1920 non
722 1857 767 1918 bic
793 1860 988 1939 precationem
1012 1857 1149 1935 describi,¹
1183 1867 1187 1874 '

47 1927 67 1986 ‚u
101 1931 281 1994 uerimoniam
307 1935 448 1996 duntaxat.
488 1937 552 2016 Ego
575 1954 647 2000 uero
671 1934 784 1996 tametsi
807 1935 960 2018 abruptum
980 1931 1066 1998 fnisse
1088 1927 1149 2017 tto-J

47 1951 191 2086 inlateor,
224 2032 285 2073 nou
310 2021 404 2075 tamen
424 2009 523 2071 dubito
544 2011 610 2094 quin
651 2009 823 2074 necationem
843 2011 974 2080 Christus
995 2033 1143 2095 concepe-

47 2089 64 2138 Ἰῑ
96 2083 153 2146 Nec
175 2083 273 2148 obstat
297 2087 372 2168 quod
398 2107 457 2148 rem
483 2033 649 2168 impossioil
1118 2089 1126 2104 '

47 2175 76 2216 on
93 2179 198 2242 semper
216 2163 340 2225 fidelium
359 2185 462 2248 preces
487 2163 624 2225 continno
652 2175 751 2224 tenore
771 2163 909 2224 adfinem
929 2185 1017 2243 usque
1035 2163 1148 2240 fluente

47 2251 76 2320 ‚⁰¹¹
96 2255 203 2322 temper
225 2235 372 2322 aequabile
398 2252 652 2322 temperamentum
676 2250 801 2314 servant,
836 2259 898 2302 non
921 2261 1033 2323 semper
1057 2241 1148 2304 etiam*

47 2309 141 2373 nonen
158 2317 261 2379 urdine
280 2329 347 2377 sunt
366 2317 548 2400 compositae,
570 2317 637 2396 quin
656 2316 751 2398 potius
770 2313 922 2397 implicitae
945 2327 975 2375 et
993 2312 1149 2406 perplexae:

48 2383 237 2476 tlronliigunt
257 2407 371 2468 'secum,
409 2393 454 2456 uel
479 2395 509 2454 in
531 2393 624 2454 medio
650 2414 736 2453 cursu
760 2393 927 2454 subsistunt:
958 2391 1039 2454 sicuti
1064 2393 1151 2486 natis·¹

48 2463 138 2526 tucellis
161 2468 259 2532 iactata
286 2469 413 2551 quamvis
435 2469 470 2529 ad
493 2482 609 2552 portum
633 2469 744 2544 tendat,
777 2490 837 2531 non
860 2479 954 2529 tamen
977 2478 1150 2561 rectumst,

47 2541 178 2616 moilen
196 2567 311 2607 cursum
330 2554 431 2608 tenere'
448 2557 543 2629 potest
561 2559 593 2606 ut
611 2545 641 2605 in
660 2545 731 2605 mari
770 2545 857 2609 nietn.
888 2545 1057 2616 Tenendum
1077 2543 1141 2627 qui-

48 2631 81 2702 eu
102 2631 139 2680 est
161 2625 235 2702 quod
262 2641 355 2704 nuper
378 2623 448 2697 dixi,
487 2642 547 2682 non
570 2621 655 2684 fuisse
679 2567 857 2684 turbulentos
881 2621 988 2702 Cbristi
1012 2619 1149 2698 affectus'

47 2709 68 2746 nt
83 2713 156 2757 more
180 2709 283 2760 nostro
311 2700 370 2761 eius
394 2700 488 2759 animo
533 2717 612 2758 nram
636 2698 862 2759 moderationem
887 2711 1063 2760 excuterentt
1092 2699 1149 2760 sed¹

48 2780 142 2832 uantum
161 2773 238 2836 ferre
257 2776 351 2858 potuit
379 2793 444 2837 sana
462 2785 491 2835 et
511 2719 623 2860 integra
648 2771 769 2834 hominis
787 2786 903 2848 natura,
933 2787 1009 2836 metu
1029 2773 1150 2866 pereni,

47 2861 67 2900 ts
89 2857 114 2905 et
135 2851 273 2913 anxietate
297 2853 466 2914 constrictus
492 2850 562 2928 fnit,
600 2861 634 2911 ut
655 2869 771 2912 neeesse
797 2847 875 2911 foret
898 2851 975 2912 inter
999 2849 1145 2936 violentos,

47 2921 194 2987 tutationnm
211 2929 317 2990 fluctus
335 2927 449 2989 alternis
468 2927 545 2988 votis
564 2927 641 3010 quasi
655 2925 793 2988 vacillare.
823 2927 904 3000 Haec
923 2929 996 2990 ratio
1015 2939 1069 3002 est,
1091 2933 1150 3000 cnr'

47 3009 130 3058 sortem
152 3003 318 3086 deprecatus
349 3026 415 3064 mox
440 3003 493 3064 sibi
519 3004 632 3064 frenum
656 3002 776 3076 inficiat,
804 2999 952 3084 Patrisque
969 3001 1090 3086 imperio
1110 2989 1151 3087 sel

47 3067 157 3141 tilliciens
183 3095 287 3142 votum
315 3079 381 3142 illud
409 3080 504 3142 subito
535 3077 657 3172 elapsum
686 3077 804 3161 castiget
827 3099 860 3138 ac
888 3089 1015 3140 revocet.
1041 3145 1043 3151 A
1082 3076 1141 3148 Sed

47 3155 164 3234 ,uaeritnq
182 3156 329 3238 quomodo
348 3168 495 3220 aeternnm
513 3157 605 3218 Patris
625 3157 770 3218 decretum
790 3154 913 3216 rescindi
926 3153 1067 3248 postulet,
1091 3139 1150 3226 cta-i

47 3227 185 3314 putatne
202 3235 317 3319 ignarus
337 3245 405 3296 erat.
442 3235 515 3294 Nam
536 3233 588 3294 etsi
614 3231 806 3312 interponitur
830 3231 970 3307 conditae,
999 3231 1029 3292 el
1042 3225 1141 3310 possi-

47 3299 78 3357 ¹l²
94 3317 149 3376 Μ.
174 3309 231 3372 bne
258 3321 351 3372 tarnen
371 3310 521 3372 absurdum
545 3309 669 3384 videtur,
697 3305 820 3368 flexibile
846 3305 902 3366 Dei
925 3300 1074 3368 eonsilium
1099 3307 1141 3370 fa-

48 3391 92 3436 ere.
129 3383 175 3446 Sic
194 3387 270 3448 enim
290 3386 403 3468 penitus
423 3399 548 3446 statuere
567 3383 715 3459 convenit,
744 3377 807 3444 fieri
831 3403 891 3442 non
909 3403 992 3476 posse
1011 3393 1043 3442 ut
1061 3385 1151 3458 Deus'

47 3453 156 3520 omilium
174 3475 319 3525 retractet
359 3463 444 3546 Apud
470 3463 598 3523 Marcum
623 3481 693 3524 vero
716 3458 827 3522 videtur
851 3457 980 3520 Cbnstns
1006 3459 1064 3524 Dei
1087 3482 1141 3542 po-

47 3529 130 3615 endam
148 3537 264 3601 decreto
285 3561 322 3622 up
345 3558 447 3614 onere,
465 3542 578 3610 omniu,
598 3537 628 3597 in
650 3537 705 3614 uit,
729 3537 786 3596 titt
801 3539 958 3618 possibilie
976 3549 1056 3597 sunt.
1086 3539 1141 3600 At-

47 3621 102 3686 1¹¹1>
152 3635 224 3677 eram
245 3615 299 3676 buc
319 3559 374 3676 bet
394 3615 523 3698 potentia
543 3559 716 3690 extendatur,
739 3625 775 3673 ut
796 3613 904 3676 varium
931 3623 962 3674 et
979 3613 1149 3689 mutabilem

47 3677 119 3762 adden
138 3710 155 3749 o
173 3691 321 3754 ueritatem
343 3691 402 3752 eins
422 3691 555 3753 infirmet.
593 3689 779 3774 Respondeo,
804 3687 874 3750 nihil
899 3709 959 3752 esse
983 3689 1095 3758 absurdi
1118 3689 1151 3775 si²

47 3751 159 3846 alsium,
182 3787 216 3830 ex
242 3768 386 3830 communi
405 3767 517 3850 piorum
541 3786 637 3843 more,
662 3766 765 3828 omisso
790 3765 877 3836 divini
900 3765 1010 3834 consilii
1028 3765 1150 3843 intuitu,¹

47 3835 179 3920 ¹tftderium
201 3867 283 3906 sunm
309 3866 366 3928 quo
391 3845 534 3906 aestuabat
551 3844 582 3904 in
601 3842 691 3905 Patris
711 3841 801 3904 simun
827 3845 861 3902 de
882 3843 997 3906 osuerit.
1040 3839 1143 3920 Neque

49 3925 95 3968 utut
111 3915 201 3982 lideles
219 3921 249 3981 in
268 3919 419 3982 fundendis
436 3921 569 4004 precibus
592 3939 706 4000 semper
724 3918 759 3979 ad
779 3941 847 4000 spec
893 3917 947 3981 nda
965 3917 1023 3982 Dei
1042 3938 1142 3980 arcana

49 3993 220 4074 9uscendunt,
246 3997 292 4059 vel
310 4010 444 4080 tanquam
471 3996 503 4058 in
525 3997 584 4059 otio
604 3997 780 4079 expendunt,
806 3995 873 4076 quid
897 3995 971 4058 factu
994 3995 1030 4058 sit
1051 3993 1154 4083 possi-J

47 4057 91 4152 *¹le
117 4071 165 4130 aed
189 4087 322 4137 notorum
346 4073 460 4136 fervore
489 4073 632 4135 interdum
659 4071 765 4133 celeres
789 4069 929 4134 feruntur.
972 4071 1020 4134 Sic
1045 4073 1150 4156 llloses¹

47 4143 95 4196 »etat
116 4143 199 4210 deleri
221 4151 257 4212 de
279 4151 354 4213 lib'ro
378 4149 467 4211 vitae:
486 4149 526 4212 sic
545 4149 646 4211 Paulus
666 4169 684 4208 o
706 4147 773 4208 tavit
792 4145 938 4207 anathema
955 4148 1016 4212 fieri
1037 4148 1151 4226 (iltrud-¹

47 4209 122 4282 ibli-
133 4221 296 4304 Raudii).
312 4227 380 4290 Non
390 4225 444 4286 fuit
454 4225 539 4312 igitur
547 4226 616 4288 baec
628 4170 758 4287 medusa
773 4223 880 4292 Christi
891 4225 992 4300 oratio,
1001 4226 1049 4288 sed
1061 4223 1101 4286 vis
1113 4229 1151 4284 et'

47 4303 141 4365 mpetu,
163 4301 268 4365 doloris
291 4304 411 4366 subitam
435 4302 461 4366 ei
486 4324 586 4367 vocem
611 4302 746 4380 extorsit,
780 4299 825 4368 cui
855 4297 949 4360 statim
973 4303 1064 4362 addita
1087 4299 1143 4364 fuit

47 4369 172 4439 torrentia.
208 4379 313 4445 Eadem
340 4379 520 4446 vehementia
542 4391 719 4464 praesentem
747 4375 877 4441 coelestis
901 4375 1008 4440 decreti
1033 4397 1144 4441 memo·
1177 4459 1182 4466 φ

639 2107 683 2148 ern
707 2087 761 2147 sibi
790 2087 908 2147 concedi
931 2087 1037 2170 poscit,
1077 2108 1148 2170 qurat¹
