2522 4852
278 274 428 352 (2-22
446 271 597 336 Simeonis
615 271 797 356 prophetia.)
1062 277 1104 342 π

18 419 121 504 m,
140 419 190 484 eiii
208 415 447 488 connadleitur.
488 419 541 486 db.
563 419 655 508 Quin
677 429 711 486 et
735 429 822 486 tuam
842 421 943 508 ipsius
968 421 1105 488 animam

16 517 157 604 penetrabit
176 518 315 608 gladius,
339 531 377 586 ut
396 531 584 608 retegantur
610 543 649 588 ex
674 519 782 590 inultis
810 517 965 588 cordibus
987 523 1107 608 cogita-

14 625 94 686 tiones.
127 621 176 686 36.
192 621 235 688 Et
256 631 329 688 erat
348 621 467 688 llanne
488 622 694 708 prophetissa
714 620 786 688 filia
806 621 954 688 Phanuel
976 645 995 690 e
1016 623 1105 692 triba

13 723 77 784 tna:
95 719 169 785 haee
192 731 396 807 processerat
419 723 454 786 iii
475 721 607 787 inultam
635 731 789 798 aetatem,
820 732 854 788 et
879 725 1005 789 vixerat
1031 745 1104 790 enin

11 821 58 886 i're
71 839 160 886 annos
176 831 303 910 septem
325 843 345 886 a
365 823 548 908 virginitate
570 845 637 890 sua.
679 823 731 890 37.
754 821 797 888 Et
824 819 907 887 haec
925 823 1026 892 vidua
1049 846 1105 894 an-

12 941 92 984 ininn
108 919 172 986 iere
192 924 359 1008 octoginta
372 933 520 1008 quatuor,
541 945 627 1012 quae
640 943 709 990 nnn
729 921 925 992 discedebat
938 947 957 990 e
972 926 1120 1015 templa,

14 1023 103 1087 sinaiis
119 1033 148 1088 et
161 1021 408 1110 precationibus
418 1023 558 1105 (Deum)
574 1023 687 1090 coleris
709 1022 764 1089 die
786 1034 819 1089 et
842 1035 949 1091 noete.
990 1027 1041 1092 38.
1061 1027 1105 1092 Et

15 1121 71 1200 laet,
87 1122 188 1188 eadem
208 1123 293 1191 hora
312 1127 557 1214 superveniens,
570 1127 709 1190 vicissim
722 1121 939 1192 confitebatur
950 1125 1105 1208 Domino,

15 1219 214 1309 eloquebatur
234 1223 281 1290 de
300 1223 362 1292 illo
389 1225 556 1305 omnibns,
578 1229 636 1313 qui
656 1223 886 1311 exspectabant
904 1226 1104 1315 redemptio·

14 1327 104 1388 aen'ai
123 1323 309 1394 lernsalein.
356 1327 409 1392 89.
440 1327 484 1391 Et
511 1337 548 1390 ut
588 1325 798 1413 perfecerunt
839 1329 949 1394 omnia
990 1349 1105 1396 semin·

16 1419 63 1486 lin
77 1423 179 1512 legem
198 1424 355 1508 Domini,
375 1429 500 1493 reversi
520 1435 596 1494 sunt
615 1427 650 1492 iti
672 1424 865 1508 Galilaeam,
886 1429 920 1492 in
942 1429 1104 1496 civitatem

20 1521 246 1594 mitaneas

66 1733 97 1821 tt
125 1735 215 1794 Peras·
231 1735 300 1794 etur
317 1747 344 1794 ct
367 1745 460 1794 mmai·
476 1735 624 1794 animarem
662 1732 733 1794 Non
752 1731 897 1818 significat
915 1733 1025 1812 Lucas,
1045 1733 1104 1797 ob·

17 1813 113 1886 mpetu
196 1811 206 1872 i
226 1811 268 1873 ad
289 1829 352 1871 rem
372 1830 489 1886 novam,
507 1809 559 1872 sed
580 1821 751 1902 reverenter
769 1811 978 1889 considerasse,
999 1823 1030 1873 et
1048 1831 1106 1894 qna

16 1881 104 1976 lesbii.
142 1888 307 1948 miratione
326 1887 478 1980 amplexos
494 1905 557 1980 esse
576 1883 783 1979 hocnspiritns
798 1889 974 1980 'vaticinium
995 1907 1030 1948 ex
1049 1909 1104 1952 ore

15 1953 129 2040 Sumne,
158 1975 191 2024 nt
216 1985 267 2024 rna
341 1985 375 2025 ac
400 1983 492 2047 magis
522 1983 555 2024 iri
580 1961 692 2024 Christi
718 1976 891 2048 cognitione
915 1965 1105 2046 proficerent.

15 2035 79 2112 tique
93 2037 141 2099 hnc
158 1983 474 2124 erempffi’docemnr,
494 2051 648 2132 postquam
667 2040 757 2100 semel
777 2039 882 2101 imbuti
897 2039 1004 2104 inimus
1024 2053 1106 2104 recta

16 2107 61 2184 fils,
82 2114 140 2176 eol'
176 2119 235 2178 nda
266 2136 331 2178 esse
378 2135 604 2200 uaecnnqnein
634 2117 696 2175 elus
722 2115 977 2178 confirmationem
1005 2117 1105 2182 valere

14 2201 124 2274 mesula
143 2193 297 2254 niinicnla.
335 2137 392 2253 lile
412 2193 491 2254 enim
511 2193 628 2252 demum
647 2192 705 2252 rite
724 2193 852 2274 proiecit
871 2195 902 2254 in
923 2193 981 2254 Dei
999 2193 1106 2272 s'erbo,

14 2279 43 2338 pn
58 2285 103 2325 nnn
125 2270 230 2331 desinit
258 2270 376 2346 mirari,
400 2269 540 2352 quicquid
566 2267 701 2364 qnotidie
720 2289 754 2330 ex
778 2268 906 2330 lectione
932 2269 979 2334 vel
1002 2270 1106 2334 auditu

14 2339 177 2407 ilrontinnos
195 2347 272 2408 fidei
290 2368 347 2429 pro
386 2367 464 2408 essus
482 2347 605 2408 accedit.

58 2423 95 2483 it
127 2421 323 2483 Bmeriioei‘t‘
388 2423 515 2487 Simeon.
556 2423 588 2482 Si
608 2419 644 2482 ad
665 2419 731 2482 lose
753 2420 772 2481 li
792 2431 823 2482 et
841 2421 963 2482 Mariam
983 2422 1106 2484 restrin-

14 2509 53 2570 μ’
66 2496 126 2558 nibil
144 2503 200 2561 erit
219 2500 422 2578 difficultatis,
443 2501 494 2561 sed
515 2501 582 2591 (pitia
601 2497 718 2558 videtur
733 2443 829 2558 hocas
850 2497 999 2560 Christum
1019 2499 1105 2563 simul

15 2571 141 2650 melech,
186 2579 273 2638 uaeri
297 2589 414 2658 posset,
441 2597 499 2658 qno
527 2596 591 2636 iure
616 2573 814 2635 benedicendi
838 2573 899 2637 eius
923 2597 1028 2638 munus
1047 2577 1107 2638 sihi

15 2653 148 2726 torpuerit
165 2598 311 2714 bimeon:
339 2652 526 2714 benedicitur
550 2651 627 2712 enim
647 2651 781 2712 minora
807 2653 934 2729 maiore,
957 2665 991 2714 ut
1018 2654 1107 2716 docet

13 2721 137 2800 litanias
172 2729 298 2790 Deinde
317 2729 474 2791 absurdum
494 2731 621 2802 videtur,
642 2739 676 2788 ut
694 2743 796 2810 preces
813 2731 876 2809 puis
900 2729 956 2790 iam
973 2730 1106 2794 mortalia

14 2800 71 2888 Νη)
90 2806 229 2888 concipiat
257 2825 314 2887 pro
338 2806 415 2867 Pilio
439 2807 507 2868 Dei.
545 2804 744 2942 Respondes,
766 2749 943 2886 Apostolum
975 2828 1036 2868 non
1068 2809 1106 2869 de

14 2875 120 2960 telin,
142 2883 193 2944 aed
212 2893 333 2944 tantum
353 2881 390 2943 de
409 2881 585 2944 sacerdotali
625 2879 814 2943 condictione
834 2882 931 2964 loqui:
957 2903 1023 2944 nam
1049 2883 1106 2944 ho-

13 2957 141 3019 transibi
163 2959 235 3022 alias
261 2971 367 3020 iniitno
392 2957 471 3020 bene
500 2970 666 3054 precantur.
710 2957 804 3042 Magis
829 2971 926 3019 antem
950 2959 1107 3042 probabile

13 3039 49 3100 δί,
62 3031 220 3096 Sinenmm
240 3047 278 3095 nt
296 3034 445 3096 hominem
466 3046 611 3118 privatum
631 3045 662 3095 et
679 3053 771 3095 unum
791 3034 954 3116 quemlibet
973 3056 990 3096 e
1008 3057 1106 3118 popu-

13 3099 89 3168 l'llis
115 3110 318 3186 benedixisse,
341 3133 427 3194 qnam
447 3113 478 3174 in
501 3111 617 3204 publica
636 3129 778 3192 persona:
798 3131 881 3188 nam,
905 3123 939 3172 ut
982 3111 1042 3173 rius
1062 3113 1107 3174 di·

13 3189 61 3240 θ’·
75 3197 121 3264 eit,
138 3209 192 3250 ans
216 3209 286 3250 nam
307 3187 452 3250 Sacerdos
474 3189 562 3251 luisse
579 3187 694 3250 dicitnr.
719 3187 878 3248 Caeterum
899 3133 980 3248 nihil
989 3187 1108 3249 absurdi

16 3269 49 3347 “lp
62 3263 81 3320 tl
98 3285 148 3344 pro
168 3211 253 3327 lehci
272 3267 358 3350 regni
378 3267 488 3328 Christi
507 3285 642 3327 successu
663 3283 761 3354 orasse
782 3263 925 3339 dicamus,
943 3265 1010 3345 qnia
1031 3262 1107 3326 hane

17 3343 104 3422 ¹³,le
119 3342 172 3422 piis
197 3341 340 3404 omnibns
362 3343 393 3402 iri
414 3341 532 3404 Psalmo
553 3341 682 3422 Spiritus
702 3339 800 3401 dictat.
836 3339 916 3400 Eoos
933 3343 1048 3418 pesitus
1066 3355 1108 3402 est

13 3401 45 3464 ⁴1-
72 3413 188 3498 Proprie
209 3419 331 3500 quidem
350 3419 386 3481 ad
406 3421 527 3480 blaciam
547 3436 715 3480 sermonem
741 3417 818 3478 hunc
839 3416 946 3478 direxit
965 3418 1104 3482 Simeon:

14 3495 165 3555 mannina-
182 3507 285 3556 tamen
306 3497 342 3556 ad
363 3496 427 3578 pios
448 3515 551 3557 omnes
569 3506 691 3576 spectat.
731 3493 793 3554 Hac
810 3493 1016 3555 admonitione
1031 3513 1106 3576 opus

14 3555 80 3625 sini
95 3583 190 3633 uncta
210 3573 313 3668 virgo,
332 3591 371 3634 ne
390 3573 472 3634 laetis
492 3572 582 3634 initiis
602 3575 648 3650 (nt
667 3569 743 3631 solet
761 3569 936 3650 plerumque
956 3571 1036 3650 lieri)
1056 3590 1107 3631 eii-

12 3636 85 3728 '¹⁹²⁸
118 3647 153 3708 ad
187 3649 379 3712 sustinendos
410 3651 508 3712 tristes
540 3658 661 3710 eventus
691 3646 786 3710 minus
822 3646 986 3728 composita
1020 3658 1104 3710 esset.

12 3705 316 3808 intemperant,
335 3728 486 3788 communi
506 3727 598 3788 totius
618 3719 721 3806 populi
745 3721 883 3862 applausu
902 3723 1106 3806 recipiendum

11 3803 57 3880 M,
66 3797 221 3878 Christum,
246 3805 298 3866 sed
324 3806 423 3886 potius
448 3813 481 3864 ut
505 3804 616 3864 invicto
637 3801 726 3862 animi
744 3821 779 3861 ro
803 3817 857 3861 ore
876 3799 1010 3864 adversus
1031 3821 1106 3863 coii-

11 3873 85 3954 irpm,
112 3895 214 3940 omnes
244 3879 369 3941 insultus
393 3881 505 3940 mnnita
530 3889 615 3942 esset
672 3877 795 3938 Interim
820 3895 892 3938 vero
919 3897 1106 3938 coinmnnem

10 3959 44 4028 tta
59 3953 184 4016 omnibns
203 3957 367 4018 doctrinam
391 3957 509 4018 tradere
535 3955 630 4017 voluit
647 3953 705 4015 Dei
730 3953 877 4035 Spiritus,
896 3965 939 4029 nt,
963 3954 1105 4015 mundum

10 4025 70 4108 ΕξΡὶι
85 4033 263 4098 contumacia
283 4034 405 4096 Christo
425 4035 611 4096 resistentem
635 4045 806 4106 cernentes,
830 4052 896 4092 cum
923 4030 972 4092 tali
998 4030 1106 4091 nihilo-

11 4111 77 4161 Ntus
94 4107 197 4170 duritie
215 4111 394 4194 confligant,
420 4128 516 4190 neque
542 4111 721 4246 inseparatur.
761 4109 891 4200 Scimus,
911 4129 996 4200 qoam
1017 4123 1106 4200 grave

12 4180 146 4246 tltrienni
166 4185 251 4249 nobis
272 4185 457 4250 obstaculum
477 4188 515 4250 sit
534 4207 603 4246 mun
627 4187 635 4245 i
657 4183 860 4246 incredulitas:
880 4197 910 4244 at
933 4208 961 4244 ni
974 4201 1106 4262 superari

14 4253 104 4318 'flebis
121 4266 274 4343 convenit,
299 4266 324 4326 si
347 4265 381 4325 iii
402 4265 552 4326 Christum
573 4262 694 4325 credere
719 4261 862 4324 uolumus.
931 4277 1006 4348 eqipe
1026 4257 1106 4317 enini

15 4343 108 4406 'itum
126 4335 165 4400 ita
185 4337 261 4401 bene
281 4341 463 4424 compositae
483 4341 604 4402 inerunt
622 4359 669 4400 res
687 4338 848 4413 humanae,
873 4347 907 4395 nt
926 4353 1020 4393 maior
1039 4353 1106 4414 pars

16 4397 133 4476 “datu
155 4429 336 4498 sequeretur.
386 4416 489 4494 Quare
515 4415 559 4481 liis
581 4415 755 4480 rudimentis
783 4411 877 4474 imbui
901 4425 1021 4471 necesse
1051 4419 1106 4483 est,
