2536 4848
356 279 489 345 omno
507 295 544 344 nr
562 293 689 348 tenses.
1030 295 1088 361 145

9 423 150 496 merit,
173 434 258 506 atque
277 424 332 488 bos
350 425 432 488 idern
449 425 505 488 sibi
522 425 629 489 volunt
649 425 737 492 verba
759 425 886 503 Christi,
903 449 994 509 quum
1012 431 1084 498 dicit

9 517 28 556 se
44 499 71 558 ad
91 500 250 580 implendam
269 502 380 594 Legem
403 504 527 566 venisse.
573 503 652 564 Vere
676 505 757 564 enim
779 503 912 585 impleuit
935 519 1083 577 mortuam

9 571 85 634 literam
101 577 202 655 Spiritu
219 599 274 639 sno
292 577 454 654 unificans,
479 577 588 642 deinde
607 599 640 642 re
661 580 721 659 ipsa
740 577 896 654 exbibens,
920 583 1000 663 quod
1025 585 1082 648 nub

9 649 74 730 figuris
89 651 213 714 duntaxrt
231 666 379 716 ostensum
399 654 503 716 luerat.
541 654 623 736 Ergo
644 655 723 734 quod
744 657 779 718 ad
801 656 988 736 docuinam..
1002 661 1084 731 nulla

9 727 63 784 nelis
77 729 102 786 in
121 729 223 790 Christi
242 730 368 792 adventu
387 729 525 811 lingenda
545 743 589 792 est
607 731 695 814 Legis
713 733 786 794 abro
809 733 883 794 atio:
903 757 972 798 nato
990 759 1082 818 quum

7 813 86 862 aeterna
101 804 134 864 sit
150 807 195 885 pie
213 817 371 886 sancteque
389 807 506 866 vivendi
526 805 644 900 regula,
669 752 880 900 immutabilem
905 829 967 874 esse
987 834 1081 892 opor-

8 888 43 948 tet,
56 879 115 940 sicut
132 903 183 942 una
203 894 248 943 est
271 903 305 944 ac
324 895 461 944 constans
481 883 540 944 Dei
564 882 689 960 iustitia,
716 905 802 964 quarn
827 884 889 946 rllrc
913 889 1084 968 complexus

7 963 39 1010 nt
67 957 197 1030 Quantum
217 957 254 1020 ed
278 958 460 1020 ceremonias
477 971 608 1038 spectet,
633 958 701 1020 lieet
724 961 859 1042 quiddam
884 963 1081 1030 adventicium

7 1033 82 1090 reneri
99 1034 211 1112 possint,
229 1033 295 1098 eolo
318 1045 413 1094 tamen
432 1055 486 1096 usu
499 1033 800 1118 lueruntabrngatae:
820 1039 995 1176 significatio
1008 1063 1080 1110 vero

7 1106 64 1183 orgis
87 1112 266 1200 comprobata
297 1110 360 1170 luit.
403 1109 507 1186 Quare
531 1133 570 1172 ne
594 1114 768 1174 ceremoniis
792 1115 842 1195 qui
865 1135 910 1179 ent
939 1117 1082 1184 adtentus

8 1179 154 1265 Christique
174 1207 240 1248 uam
260 1186 401 1260 detraxit,
426 1187 498 1266 quin
518 1187 617 1278 potius
637 1187 763 1255 exhibita
789 1189 1080 1266 umbrarumreritas

7 1253 123 1320 imitatem
140 1208 193 1324 iliis
211 1263 364 1337 conciliat,
383 1263 452 1324 dnm
470 1263 598 1327 solrdunr
617 1264 757 1357 ellectum
769 1271 1082 1350 cernentes·agn0rci-‚

7 1351 51 1404 uns,
65 1357 203 1400 nnnrauas
223 1359 324 1419 neque
344 1339 461 1400 inutiles
482 1339 579 1402 luisse.
616 1339 854 1420 recenseamus,
871 1363 986 1409 sacrum
1001 1345 1080 1418 hune

6 1405 60 1490 legit
74 1425 97 1475 et
112 1415 260 1497 Evangelii
285 1436 389 1476 nexunt
413 1413 612 1478 inviolabilem
636 1437 768 1492 servare,
800 1437 886 1498 quem
906 1421 990 1482 multi
1010 1444 1079 1503 per-

6 1503 69 1614 prnn
93 1489 252 1554 dissolvunt.
302 1491 407 1570 Neque
437 1491 515 1554 enim
546 1491 604 1554 boc
632 1492 668 1554 ad
699 1491 903 1565 stabiliendam
926 1494 1078 1580 Evangelii

19 1559 164 1644 leuparum
187 1568 284 1641 valet,
314 1567 383 1630 dum
406 1567 553 1642 audimus,
585 1567 657 1630 nihil
681 1567 759 1630 aliud
791 1590 854 1632 esse
878 1593 965 1653 quern
989 1573 1079 1658 Legis

6 1639 212 1768 estrumentum,
238 1655 275 1708 ut
298 1655 397 1710 mutua
417 1645 577 1709 concordis
594 1643 693 1706 Deum
718 1665 905 1713 commoneor
927 1661 1079 1717 auctorem

5 1729 97 1776 nerant.

52 1797 85 1856 tt
114 1797 214 1858 Dmsen
234 1807 405 1873 praetem
426 1809 478 1860 eto.
528 1795 621 1860 Lucas
650 1795 738 1880 paulo
763 1799 865 1878 aliter,
895 1799 947 1866 sed
973 1804 1080 1866 endem

5 1872 185 1949 stn‚srn1sn
204 1888 259 1947 est,
279 1873 390 1934 eoelum
408 1888 434 1934 et
451 1887 560 1934 mmm
572 1877 746 1950 maneries,
764 1899 852 1955 pensa
869 1875 973 1942 eadm
989 1901 1080 1944 unm

4 1937 158 2020 legirnptcm,
195 1952 322 2012 Docere
341 1951 419 2010 enim
439 1962 507 2012 utro
531 1969 567 2010 ue
588 1947 654 2014 loco
676 1951 809 2016 Christus
828 1951 943 2030 soluite
962 1955 993 2016 in
1014 1967 1078 2021 tnta

5 2021 67 2080 nundi
83 2027 201 2088 machina
222 2025 300 2088 nibil
320 2045 381 2088 esse
402 2038 460 2088 um
479 2037 522 2088 sta
547 2025 599 2101 ite,
619 2049 703 2118 quam
724 2027 808 2092 firma
828 2041 873 2092 est
890 2031 978 2114 Legis
996 2032 1077 2092 veri-

4 2101 38 2164 l³³i
57 2102 203 2180 etquidem
227 2103 314 2162 omni
340 2123 373 2162 ex
396 2115 489 2184 parte.
534 2103 674 2186 Argntrus
692 2101 798 2165 ludunt
816 2105 936 2186 quidam
954 2107 986 2170 in
1005 2131 1079 2174 voce

2 2165 70 2255 brec:
85 2181 156 2258 qnasi
176 2179 255 2240 coeli
277 2190 308 2238 et
326 2191 422 2240 terrae
440 2179 594 2254 transitus,
614 2181 663 2260 qui
684 2179 798 2240 iuturus
819 2193 863 2242 est
882 2196 1011 2244 extremo
1031 2183 1078 2244 iu-

4 2243 43 2304 brii
57 2251 101 2326 die,
117 2255 201 2316 hnern
220 2253 363 2316 allaturus
382 2257 421 2316 sit
438 2255 513 2340 Legi
534 2267 564 2315 et
582 2255 748 2336 Prophetis.
787 2257 827 2316 Et
846 2269 926 2318 certe
938 2259 1079 2338 quemad·

4 2323 79 2386 nodum
103 2341 167 2392 tunc
195 2333 318 2414 linguae
344 2331 499 2393 cessabunt
529 2341 559 2392 et
582 2331 762 2414 Prophetiae
791 2331 1006 2409 abolebuntur,
1037 2335 1078 2396 ita

4 2399 93 2480 triplam
116 2407 223 2489 Legem
251 2426 320 2468 com
350 2408 533 2488 expositione
559 2407 716 2468 desituram
747 2407 884 2469 arbitror.
927 2409 987 2468 Sed
1033 2413 1079 2471 uia

2 2477 112 2552 ttsolicitis
138 2485 167 2545 ln
190 2497 298 2546 nutum
330 2503 393 2546 esse
425 2483 577 2546 Christum
607 2483 757 2560 emstirnn,
795 2483 901 2576 talibus
930 2429 1078 2576 illecebris

2 2565 78 2622 locere
93 2559 159 2621 nolo
168 2507 327 2624 istrorum
348 2579 441 2620 aures.
479 2559 561 2642 Ergo
582 2557 639 2620 hoc
658 2554 762 2622 lenere
780 2559 915 2634 sulhcrat
934 2571 1078 2624 turturum

4 2627 62 2698 l⁰fi¹¹⁵
82 2653 134 2695 esse
160 2637 280 2698 coelurn
306 2647 457 2727 totamque
485 2633 587 2696 mundi
611 2635 771 2697 machinam
800 2635 977 2696 miscendam
1007 2657 1080 2713 esse,

4 2718 54 2774 turn
72 2711 174 2773 vacillet
197 2713 291 2794 Legis
315 2711 464 2774 stabilitas.
514 2711 575 2772 Sed
600 2712 669 2791 qnid
696 2721 753 2788 est,
784 2713 883 2772 omnia
901 2713 989 2795 Legis
1014 2713 1079 2776 fieri

2 2787 100 2854 tttunel
116 2791 271 2852 minimum
297 2787 429 2882 apicem?
458 2787 589 2850 videmus
614 2790 709 2865 enim,
737 2800 878 2868 quantum
905 2809 921 2850 a
969 2789 1079 2854 erlecte

1 2849 55 2932 legis
73 2861 270 2928 observatione
296 2867 405 2928 distent
433 2863 582 2940 homines,
612 2865 700 2926 etiam
726 2864 775 2944 qui
796 2863 909 2950 Spiritu
960 2865 986 2926 ei
1010 2877 1080 2932 sunt

1 2935 90 3006 regenti.
125 2939 325 3025 Respondeo‚
346 2927 423 3001 istud
461 2943 515 2999 reri
542 2961 603 3000 non
630 2941 737 3001 relerri
753 2939 790 2999 ad
809 2939 961 3001 hominum
980 2942 1080 3020 vitam,

1 3007 30 3086 §tl
43 3013 68 3070 ad
83 3015 195 3078 solidam
217 3018 373 3078 doctrinae
385 3027 556 3090 veritatem,
575 3017 632 3076 acsi
652 3017 776 3077 diceret:
797 3015 870 3076 nihil
889 3035 952 3076 esse
970 3017 1080 3078 llnxum

1 3099 18 3203 pt
30 3083 97 3170 Lege,
114 3095 182 3155 nibil
202 3106 319 3155 temere
338 3093 484 3174 positum,
510 3093 578 3154 iden
599 3091 663 3153 fieri
682 3113 745 3154 non
769 3111 857 3174 posse
880 3103 914 3152 ut
932 3093 1001 3154 inde
1021 3113 1081 3156 una

7 3169 52 3220 rtem
67 3185 95 3225 er
208 3216 217 3230 .

45 3245 81 3303 ll.
96 3183 256 3328 heigius
275 3247 367 3322 igitur·
387 3243 510 3306 submit.
553 3245 610 3306 llic
634 3243 807 3306 nominatim
833 3241 966 3322 loquitur
990 3240 1081 3302 Chri-

47 3315 76 3376 de
91 3323 252 3404 praeceptis
270 3322 347 3382 vitae
365 3319 413 3386 rel
433 3321 534 3382 decern
554 3321 659 3395 verbis,
679 3321 715 3382 ad
726 3338 851 3456 puornsn
871 3317 1082 3399 praescriptum

11 3405 66 3452 nnn
76 3395 127 3458 Dei
140 3399 216 3460 filios
236 3398 325 3460 vitam
345 3419 427 3460 snam
447 3398 575 3459 formare
597 3397 691 3458 decet.
746 3408 834 3476 teque
853 3392 942 3455 lalsos
962 3406 992 3456 et
1011 3403 1081 3475 per-

4 3479 62 3527 snos
78 3491 132 3534 esse
151 3475 294 3536 doctores
313 3475 499 3554 pronuntiat,
520 3475 570 3554 qni
591 3471 750 3554 discipulos
769 3493 830 3554 non
851 3471 1008 3532 continent
1025 3469 1080 3534 sub

0 3571 1 3580 ¹
38 3543 212 3630 solsequia,
233 3572 268 3610 as
288 3550 428 3632 indignos
444 3569 517 3624 esse,
538 3550 587 3630 qui
606 3548 705 3609 locum
723 3549 753 3608 in
767 3547 898 3608 Ecclesia
916 3546 1082 3624 obtineant,

2 3633 120 3700 lttunque
138 3628 260 3688 minima
284 3626 315 3686 in
341 3637 425 3707 parte
444 3625 533 3720 Legis
557 3625 763 3686 auctoritatem
789 3633 946 3713 enervante
969 3622 1082 3703 probos

0 3699 61 3774 ntem
77 3711 102 3759 et
118 3704 266 3784 genuinos
286 3721 348 3763 esse
360 3699 419 3760 Dei
438 3703 597 3774 ministros,
617 3699 668 3779 qui
687 3699 761 3781 legis
780 3699 994 3789 observantram
1014 3720 1081 3759 cnm

4 3777 184 3858 vraeesempln²
205 3777 377 3840 tumrerbis
395 3775 614 3841 'commendant
652 3775 881 3865 Porro-minim
890 3775 977 3865 Legis
997 3793 1081 3866 man-

1 3836 38 3900 blt
53 3864 127 3912 ronst
145 3874 179 3916 ex
198 3875 286 3916 sensu
307 3852 475 3914 hominurn:
500 3873 565 3919 nam
591 3852 645 3914 etsi
666 3871 726 3912 non
748 3852 826 3912 rdern
845 3849 983 3910 omnebus
1002 3861 1082 3911 rnest

0 3921 85 4002 l‘sslus,
101 3930 160 4003 sed,
179 3929 249 3992 dnm
268 3931 397 3992 intense
409 3927 615 4002 conseruntur,
633 3925 689 3990 alia
700 3926 763 3988 aliis
781 3928 894 3990 minora
913 3937 992 4002 sunt,
1009 3925 1083 3986 nibil

80 4005 220 4066 minutum
244 4025 366 4068 censere
391 4007 433 4066 fas
453 4015 513 4081 est,
538 4005 580 4064 ‘de
600 4025 660 4084 quo
683 4003 855 4096 praecipere
878 4001 1015 4085 dignatum
1040 4013 1084 4064 est

1 4071 92 4138 [ntem
114 4079 287 4163 Legislator.
338 4081 493 4156 Quantum
517 4081 595 4142 enim
626 4080 811 4164 sacrilegium
836 4090 895 4153 est,
925 4079 1083 4160 quiequam

8 4156 148 4232 solempnia
172 4159 306 4238 accipere
325 4158 406 4238 quod
433 4176 467 4220 ex
485 4169 569 4218 sacro
590 4157 651 4216 eins
670 4175 724 4216 ore
744 4153 905 4245 prodierit?
936 4172 1004 4215 nam
1024 4153 1083 4212 hoe

10 4223 56 4282 ndo
73 4229 98 4288 in
115 4233 250 4294 ordinem
269 4236 387 4316 cogitur
407 4233 469 4294 eius
489 4233 638 4294 maiestas:
670 4251 763 4312 qnare
787 4231 838 4290 ubi
862 4240 973 4292 minuta
996 4243 1083 4320 pepe·

9 4309 52 4372 illd
68 4317 146 4368 rorat
164 4307 310 4382 Christus,
331 4309 443 4392 species
462 4319 507 4370 est
527 4309 733 4370 concessionis.
772 4305 875 4380 Quum
895 4305 979 4378 dicit,
997 4323 1083 4360 anso·

0 4393 1 4404 *
49 4381 200 4458 manna,
225 4385 326 4448 allmin
351 4385 457 4451 estad
481 4385 511 4448 id
531 4385 611 4465 quod
631 4381 721 4466 paulo
740 4393 809 4446 ante
835 4381 945 4442 dietum
965 4388 1029 4440 erat
1047 4375 1084 4436 de

13 4467 83 4522 tnrtn
95 4495 172 4530 ωιι.
186 4485 211 4530 ia
226 4485 307 4536 Ιίιτιι.
321 4488 366 4536 Er.
381 4487 433 4535 vot.
444 4486 464 4535 Ι.
848 4459 888 4520 1⁰

23 3559 35 3628 *0⁷²
