2536 4848
89 238 149 308 m
522 231 677 299 necno
698 231 783 296 vm.

91 380 231 444 omnibns
241 376 335 440 Verbi
345 375 485 439 ministris
502 378 675 459 praescribi,
693 379 762 442 dnrn
781 375 979 462 praeconibus
990 376 1248 441 suaedoetriraae

90 457 212 520 mandat
230 456 391 530 Dominus,
438 454 489 515 nid
513 475 566 529 eos
585 455 621 517 ad
642 455 732 522 brere
750 467 866 538 tempus
891 457 990 518 iacere
1008 453 1089 515 relit.
1140 454 1248 528 Qnae

91 535 205 596 inscitia
224 531 332 594 multos
353 475 475 605 ieiellit,
494 543 528 591 nt
545 533 610 592 sine
624 532 795 594 discrimine
814 533 850 594 ad
870 531 946 594 banc
964 552 1103 592 normam
1124 551 1247 593 omnes

91 611 187 672 Verbi
208 610 357 670 ministros
376 608 535 690 erigerent

169 685 273 747 blattb.
292 691 320 750 1.
363 685 522 745 Arcessitis
544 679 702 744 &oderint
746 685 894 746 Numerus
919 683 1122 744 duodenarius
1148 683 1245 744 futu·

91 785 154 826 rans
179 761 329 824 Ecclesiae
358 761 599 822 instaurationem
624 760 755 821 notabat.
806 762 890 822 Sient
921 763 1000 822 enirn
1029 760 1173 852 populus
1209 780 1247 819 ex

38 871 46 884 =
92 839 249 902 duodecim
268 834 443 898 Patriarcbis
468 845 550 896 onus
570 847 652 910 erat,
682 836 722 897 ita
741 857 827 912 nunc
850 833 986 918 reliquias
1010 837 1175 916 dissipatas
1206 837 1247 898 ad

92 916 217 1002 originis
236 933 304 974 suae
323 911 495 1004 memoriam
520 921 641 1046 rcrlqtcet
661 911 811 1005 Christus,
840 923 875 973 nt
899 915 935 974 de
959 933 1011 974 sna
1033 913 1248 1006 restitutione

90 1003 216 1152 &giriden
264 1008 310 1158 ii:
324 989 941 1204 netoirildigaeitlueril‘poaqliiiuitffluddid
957 990 1249 1148 ddtindzcnffoilula't

91 1164 168 1226 quae
187 1145 245 1206 iam
263 1161 370 1202 nusere
389 1141 436 1202 col
450 1160 516 1222 apsa
535 1151 608 1216 erat,
627 1139 667 1202 ob
679 1153 757 1202 atam
776 1143 898 1224 gratiam
917 1141 1086 1221 spernendo
1108 1164 1170 1203 sua
1193 1145 1248 1202 in·

92 1219 271 1306 gratitudine
291 1214 335 1278 bis
354 1218 452 1298 perire
471 1215 590 1276 meruits
610 1214 668 1276 boc
686 1228 786 1278 tamen
805 1239 866 1280 non
877 1217 1003 1292 obstitit,
1022 1219 1097 1298 quin
1117 1219 1246 1279 iterun

91 1307 264 1358 nasceretur
274 1313 368 1355 norns
373 1292 514 1385 populns.
535 1291 644 1354 Postea
663 1292 772 1356 iactum
786 1304 820 1355 nt
837 1293 942 1355 eSion
961 1307 1113 1429 sceptrum
1131 1296 1247 1356 viatu-

91 1375 129 1436 tia
150 1371 218 1434 Filii
236 1370 282 1432 sui
299 1370 415 1452 longius
436 1372 595 1444 emitteret,
613 1380 647 1428 nt
658 1381 811 1430 manarent
829 1389 864 1432 ex
884 1371 968 1432 ionte
987 1370 1038 1432 ilo
1056 1372 1164 1445 Ηιιὶὶ.
1188 1373 1246 1454 qui

91 1451 174 1533 large
194 1447 353 1530 irrigarent
366 1457 494 1539 quatuor
511 1445 612 1506 mundi
632 1443 740 1529 plagas.
779 1445 867 1508 Tunc
885 1445 1111 1526 undiqneDens
1131 1447 1246 1510 Israe-

91 1523 152 1588 lein
172 1541 256 1586 suum
277 1521 413 1605 collegit,
438 1533 470 1582 nt
489 1519 691 1582 coalescerent
709 1524 739 1582 in
766 1544 854 1583 unum
875 1543 999 1602 corpus,
1022 1543 1086 1582 non
1107 1534 1244 1586 tantum

91 1603 223 1682 dispersa
243 1611 274 1660 et
292 1600 388 1660 lacera
407 1598 554 1672 membra,
577 1597 629 1658 scd
655 1597 806 1675 bomines,
832 1598 970 1678 quiante
1050 1617 1116 1660 rsus
1136 1601 1245 1664 alieni

89 1678 210 1747 inerant
228 1695 245 1738 a
264 1674 377 1757 populo
396 1674 463 1736 Dei.
505 1675 575 1734 Non
595 1693 630 1733 er
696 1673 802 1738 frustra
821 1674 970 1738 Dominus
1013 1675 1161 1738 undecima
1183 1699 1245 1740 ve-

90 1753 146 1820 inti
166 1751 349 1814 Patriarcbes
375 1751 558 1812 constituens
582 1751 641 1812 Ecc
655 1751 732 1812 esiae
763 1751 989 1813 renovationem
1013 1761 1143 1814 testatus
1182 1769 1243 1818 est.

90 1826 177 1892 lldde
185 1827 277 1980 (qupd
296 1825 355 1888 boo
374 1846 498 1918 numero
517 1825 671 1918 admonuit
689 1825 831 1905 ludaeos,
855 1828 888 1886 in
908 1847 996 1908 quem
1014 1827 1107 1888 finem
1127 1833 1242 1893 renis-

89 1915 362 2061 anser
385 1902 445 2070 ιε
464 1900 1242 2070 ιιιιιιιιπιειιιιιιιιιι

90 2058 169 2136 inm,
200 2057 281 2138 quod
301 2053 434 2116 obscuris
460 2065 490 2115 et
519 2053 627 2117 nnlbus
651 2057 738 2136 pretii
762 2056 932 2116 bominibus
956 2067 1015 2118 tana
1041 2055 1240 2124 honorifica

113 2154 231 2195 errones
251 2129 385 2194 Christus
403 2131 557 2210 imposuit:
582 2152 730 2193 successus
752 2144 852 2192 tamen
876 2131 1074 2207 incredibilis,
1106 2145 1140 2194 et
1170 2147 1239 2198 tam

89 2155 217 2272 decnnda
240 2207 391 2268 Ecclesiae
441 2207 595 2288 ropagatio
620 2209 765 2282 ostendit,
793 2207 956 2289 Apostolos
981 2209 1105 2270 honoris
1129 2215 1239 2294 gradu

90 2299 123 2424 ¹et
141 2285 329 2420 iocunditatq¹
339 2227 452 2345 sobolis
472 2304 535 2344 noa
553 2283 831 2348 modoPatriarcbis
845 2284 1038 2364 concedere,
1056 2286 1114 2348 red
1130 2290 1238 2352 saian

103 2384 142 2424 on
165 2382 182 2422 e
224 2380 308 2421 raece
332 2379 391 2420 ere.

144 2382 261 2498 ngddit
276 2441 318 2498 ais
330 2449 507 2512 marne.
548 2435 628 2511 Quia
642 2435 720 2496 inter
738 2435 873 2499 bomines
884 2437 968 2500 nnilo
978 2439 1041 2499 iere
1051 2437 1125 2500 loco
1138 2457 1238 2507 eane

90 2513 247 2596 Apostoli,
265 2514 374 2594 legatio
394 2525 509 2586 autern,
528 2533 613 2593 qnam
633 2512 691 2574 illis
709 2513 792 2575 ininn
815 2517 839 2576 it
858 2515 1007 2591 Christus,
1024 2516 1124 2578 divina
1148 2533 1236 2583 ent:

91 2591 200 2652 deinde
219 2609 317 2670 neque
335 2590 469 2671 ingenio,
487 2608 584 2669 neque
603 2587 737 2650 facundia
757 2535 924 2672 poilebant,
943 2593 986 2651 rei
1005 2605 1106 2654 antem
1127 2601 1237 2662 excel.

91 2667 181 2728 lentia
202 2677 233 2725 et
256 2664 370 2724 novitas
394 2665 586 2742 requirebant
609 2665 674 2745 plns
694 2686 781 2745 quam
812 2668 951 2728 humanas
970 2669 1070 2730 dotes:
1101 2693 1236 2740 necme

91 2741 149 2806 suit
167 2739 286 2803 aliunde
304 2739 360 2800 illis
379 2743 583 2800 auctoritatem
594 2741 744 2804 accedere.
782 2743 918 2810 Christro
937 2763 1010 2828 ergo
1026 2747 1157 2812 edendis
1173 2757 1235 2814 mi.

90 2816 198 2880 raculis
219 2835 270 2876 eos
289 2815 461 2896 praeficiens
479 2814 616 2878 coelestis
635 2817 784 2897 potentiae
803 2820 966 2904 insignibus
985 2823 1106 2884 instruit
1176 2851 1234 2892 nae

91 2892 179 2953 bdem
200 2911 237 2981 ις
252 2891 446 2952 reverentiam
466 2891 627 2953 concilient
646 2893 722 2976 apud
743 2895 893 2977 populum.
938 2899 1038 2978 Atque
1056 2869 1130 2962 hini
1150 2850 1173 2964 i
1210 2909 1219 2926 ⁰

89 2971 179 3060 tintqs
197 2968 406 3060 miraculorum
426 2989 493 3028 usus
513 2967 672 3062 colligitur,
692 2991 757 3030 nana
778 2993 875 3063 quom·
887 2973 1039 3056 Evangelii
1057 2997 1234 3056 praecones

90 3044 625 3201 didiiri'iilriniiriliinfihldii
641 3047 1233 3210 iiibib‘illl'lidiis‚¹iilbiitsi

90 3201 171 3264 branc
190 3217 295 3260 neanrn
314 3197 490 3277 abrumpere
508 3199 551 3258 ias
570 3219 633 3259 nnn
653 3212 705 3260 est.
746 3201 847 3275 Quare
867 3201 977 3264 falsarii
987 3215 1057 3264 sant
1073 3205 1232 3292 Papisrn,

90 3289 123 3338 et
141 3295 232 3358 opera
253 3275 311 3335 Dei
326 3274 468 3336 scelerate
487 3273 506 3334 d
577 3287 648 3335 rant
665 3276 787 3336 verbnm
806 3298 823 3337 a
842 3278 988 3340 naincnbs
1006 3287 1193 3364 separando.

166 3359 197 3416 ι
232 3351 353 3410 Prirrrrrs
369 3351 480 3410 smne
536 3351 632 3412 nsulse
651 3351 852 3414 Romanenres
872 3357 1026 3435 primatum
1044 3377 1134 3420 ιιιιιιι
1156 3365 1231 3429 binc

90 3427 221 3488 eliciunt.
259 3427 390 3486 Primum
408 3425 489 3487 inter
498 3428 662 3507 Apostolos
683 3428 770 3490 luisse
782 3431 938 3491 Simonem
952 3434 1072 3494 Petram
1092 3435 1232 3504 libenter

89 3505 233 3566 iatennnr
262 3502 314 3562 sed
335 3503 415 3581 quod
435 3505 513 3564 inter
533 3525 641 3582 pancos
661 3504 794 3567 homines
813 3506 919 3582 raiuit,
943 3509 980 3569 ad
998 3521 1099 3572 totnaa
1117 3516 1230 3580 urbem

91 3578 262 3654 extendere,
282 3577 362 3638 nulla
381 3579 457 3640 ratio
476 3581 595 3660 patitur.
631 3579 719 3641 Adde
727 3583 820 3662 qnod,
839 3585 891 3680 qui
910 3586 1019 3666 primus
1038 3606 1231 3672 numm,

90 3675 154 3718 nora
173 3655 242 3716 ideo
268 3655 404 3736 protinru
427 3656 506 3716 inter
530 3677 599 3718 suos
623 3656 751 3740 collegas
776 3659 938 3722 dominium
963 3661 1061 3724 babet.
1106 3668 1175 3730 Ian
1195 3685 1229 3734 ιι

91 3730 191 3795 omnia
209 3729 266 3790 illis
285 3749 361 3811 qnae
380 3731 529 3810 postulant
548 3733 586 3793 de
596 3733 689 3795 Petro
709 3735 820 3808 demus,
840 3738 937 3799 donec
957 3739 1063 3819 impios
1082 3755 1117 3806 et
1132 3749 1229 3808 sacri·

89 3809 173 3947 'dm
192 3817 339 3885 apostatas
357 3806 441 3868 Petri
458 3829 641 3872 succeuores
661 3829 725 3874 esee
743 3811 890 3892 probent,
919 3815 982 3876 eius
1001 3815 1131 3900 dignitas
1150 3825 1226 3886 niti!

90 3905 107 3948 a

146 3883 520 4054 ttbnnalnffiqte'qrffl
558 3961 638 4022 Hinc
658 3963 764 4024 clarius
783 3978 908 4058 apparet
938 3967 998 4028 uod
1019 3978 1225 4058 anperattigi,

91 4056 154 4100 nou
174 4035 232 4098 alno
251 4047 396 4116 spectasse
407 4055 522 4111 munus,
540 4038 620 4116 quod
640 4051 712 4100 tunc
730 4041 901 4122 impositum
917 3987 975 4105 init
983 4046 1148 4127 Apostolis,
1168 4059 1224 4116 nh·

91 4113 270 4175 nt¹ludaeos
289 4113 321 4172 ia
339 4131 422 4192 spem
441 4113 627 4194 propinquae
645 4115 745 4178 salutis
763 4119 919 4181 ariundo
939 4133 1071 4184 attentos
1080 4127 1120 4186 ad
1132 4127 1222 4191 ctri-

91 4203 168 4252 stum
188 4189 364 4250 audiendum
383 4188 557 4250 redderent:
575 4191 645 4253 ideo
663 4213 743 4254 nuno
763 4213 867 4262 eornm
885 4217 989 4258 rocem
1008 4199 1137 4264 iudaeae
1156 4205 1223 4266 bni-

91 4266 147 4328 bar
166 4263 300 4340 includit,
319 4285 406 4348 qnam
424 4277 527 4347 postea
544 4267 656 4348 ubique
674 4269 712 4329 ad
731 4269 851 4333 ultimos
869 4273 951 4336 orbis
970 4275 1043 4338 bnes
1062 4299 1222 4359 personare

90 4341 199 4408 debet-
222 4341 311 4410 usto
329 4342 472 4426 estquis
489 4344 592 4408 ιιιίιιιι
611 4363 629 4407 ι
646 4344 736 4408 Patre
754 4349 1223 4422 eratffireucirionisniaister
