2596 4840
304 265 403 341 (t-tt
422 262 556 348 Angelus
575 263 760 345 Zachariae.)
1072 273 1094 338 ὅ

38 401 93 464 lnu
108 403 173 486 regia
192 403 324 488 dignitas,
348 417 377 468 et
395 407 535 489 paulatim
555 407 619 469 scre
639 409 809 471 conciderat
828 407 1009 488 dominatus,
1028 433 1092 476 nou

33 495 102 612 pugnat
117 503 144 541 ea
160 483 327 564 interruptio
347 505 412 544 cuna
433 486 589 566 prophetia
608 485 708 548 Iacob.
747 487 817 548 Duo
832 487 951 548 enimin
963 488 1091 570 speciem

43 578 99 616 unsa
115 559 268 636 promiserat
285 559 380 620 Dens:
401 574 554 622 aeternum
574 563 640 622 lore
659 563 765 624 solium
784 564 916 642 Doridis,
936 576 1092 644 postquam

31 633 188 694 remlimtnm
209 647 295 708 esset,
327 638 387 696 eius
413 638 509 698 ruinas
534 659 565 697 se
586 640 823 700 instauraturum:
853 651 1003 702 aeternam
1025 641 1091 702 tore

29 711 244 788 agripennum,
273 721 303 772 et
328 725 425 772 tamen
445 714 593 774 surculum
618 716 802 796 proditurum
829 735 862 774 ex
887 727 994 778 trunco
1022 717 1091 794 isai,

28 805 106 860 pann
122 800 263 867 utromque
281 789 396 868 impleri
416 811 434 848 o
457 791 557 850 ortuit.
596 792 699 852 Passus
720 804 815 852 ester
837 813 855 852 o
875 792 956 852 Deus
977 794 1090 872 priuci-

28 875 180 942 palmarem
199 877 324 924 erexerat
343 865 372 924 in
393 811 472 926 tribu
489 866 573 944 luda,
595 869 630 927 ad
650 881 765 948 tempus
777 811 895 944 cofiahi
935 889 974 927 uo
994 869 1090 928 maior

29 949 69 992 sut
86 939 169 1017 populi
191 942 312 1001 attentio
337 941 373 1000 ad
398 943 575 1024 sperandum
597 943 708 1004 Christi
733 965 866 1044 reguum.
912 889 941 1019 ὃ

30 1016 169 1102 tagsaedn'i
191 1016 307 1076 interitu
332 1035 398 1097 spes
429 1017 559 1078 fidelium
580 1023 662 1100 quasi
689 1039 815 1100 praecrsa
840 1032 933 1112 resset²
963 1032 1089 1102 repente

28 1087 235 1153 Mullominus
273 1095 418 1155 Iamrero
438 1093 496 1154 boc
515 1096 551 1155 ad
571 1097 677 1156 seriem
698 1097 837 1158 historiae
878 1107 996 1172 ernust,
1017 1097 1087 1157 dum

28 1177 98 1222 rnatu
116 1179 214 1248 tenpus
237 1171 281 1229 rei
305 1181 420 1252 gestae:
451 1171 502 1231 sed
534 1191 596 1232 non
627 1183 739 1232 temere
762 1173 816 1234 sub
870 1174 931 1256 egis
963 1174 1086 1235 nomine

28 1239 75 1298 laal
88 1243 167 1303 nisera
184 1247 322 1324 temporis
344 1246 477 1306 conditio
498 1259 600 1310 notata
621 1246 685 1322 init,
705 1261 738 1308 ut
758 1260 953 1336 agnoscerent
972 1249 1087 1325 ludaei,

28 1318 125 1378 coculos
139 1321 187 1380 iam
205 1322 307 1383 oculos
329 1341 392 1381 csse
413 1324 444 1382 in
464 1321 617 1398 Messinm,
640 1326 665 1385 si
687 1325 782 1384 uidem
804 1327 908 1388 loedus
927 1325 985 1385 Dei
1005 1323 1084 1387 bona

28 1387 176 1480 llelcolercut
220 1395 394 1457 chdmios
411 1397 448 1456 de
464 1401 524 1458 uice
542 1399 634 1460 Atta.
666 1345 785 1462 itotm
811 1414 855 1462 est
880 1421 914 1462 ea
932 1421 1011 1462 sacra
1037 1401 1082 1461 hi-

28 1471 228 1552 nutemus·
254 1475 348 1534 luisse
373 1494 389 1535 a
410 1475 524 1535 Daride
545 1477 731 1538 sacerdotum
757 1477 876 1538 familias
896 1478 983 1538 certis
1003 1477 1083 1537 ordi·

28 1541 87 1630 thu·
118 1547 170 1620 Qua
192 1551 221 1608 in
248 1571 282 1610 re
309 1549 385 1610 nibil
410 1571 561 1632 aggressus
589 1567 633 1614 est
651 1553 745 1613 David
766 1565 869 1616 contra
889 1553 975 1634 Legis
996 1573 1082 1634 prae-

30 1633 120 1694 ruptae
144 1625 344 1687 Sacerdotium
365 1625 574 1689 DeusAaroni
595 1644 624 1690 et
645 1631 705 1690 eius
726 1629 789 1690 filiis
810 1627 990 1691 contuierat:
1010 1629 1081 1689 reli-

28 1696 159 1780 trulrn'ta
176 1703 374 1762 destinaverat
392 1703 557 1764 minoribus
576 1707 691 1766 officiis.
729 1708 765 1766 In
787 1727 823 1768 eo
845 1706 917 1765 nihil
938 1717 1081 1765 mutatum

28 1767 78 1828 luta
93 1773 182 1850 baside,
200 1779 250 1838 sed
272 1779 432 1840 consilium
452 1781 516 1840 eins
536 1781 603 1857 luit,
623 1785 728 1862 partim
750 1803 863 1854 cavere,
883 1801 921 1842 ne
942 1782 1011 1861 quid
1033 1794 1080 1840 tu-

28 1845 112 1908 ulune
125 1853 195 1914 lieret
212 1856 240 1914 in
260 1855 364 1928 turba,
384 1855 489 1936 partim
510 1860 597 1917 etiarn
610 1879 766 1920 occurrere
778 1857 934 1919 ambitioni
951 1869 981 1917 et
992 1856 1080 1919 simul

28 1921 103 2008 dtur,
126 1949 156 1988 ne
181 1934 277 2011 paucis
305 1943 404 1991 toturn
430 1953 534 1993 munus
563 1935 598 1994 ad
623 1955 654 1996 se
678 1935 861 1996 trahentibus
888 1934 982 1994 maior
1011 1955 1078 2014 pars

28 2009 76 2058 tusa
89 2003 147 2064 doni
163 2009 282 2068 sederet.
325 2007 361 2066 ln
382 2007 431 2069 illa
450 2019 547 2068 autem
569 2011 776 2072 distributione
802 2023 934 2078 octavam
956 2009 1077 2070 classem

28 2077 75 2132 nal
88 2081 156 2154 Abia,
173 2084 244 2144 filius
264 2083 401 2144 Eleazar.
439 2083 511 2144 Erat
532 2105 604 2170 crgo
624 2088 775 2147 Zacharias
796 2107 829 2148 ex
849 2105 959 2170 genere
978 2105 1077 2146 sacer-

28 2145 79 2236 lusti,
92 2167 113 2214 rt
127 2160 230 2236 quidem
251 2181 287 2220 ea
308 2160 437 2240 posteris
449 2161 581 2236 Eleazar,
601 2165 651 2242 qui
672 2168 748 2256 patri
767 2165 797 2224 in
817 2183 961 2224 summum
980 2181 1075 2223 sacer·

28 2221 85 2312 hoen
103 2249 268 2298 accesserat.
324 2233 488 2309 Quomodo
515 2252 611 2298 autern
636 2239 804 2314 Elisabeth,
836 2261 926 2320 quum
950 2249 1027 2298 esset
1056 2257 1074 2298 e

28 2303 84 2362 trun
98 2311 193 2387 Aaron,
212 2313 329 2374 blaciae
348 2325 475 2394 cognata
495 2333 558 2374 esse
577 2315 726 2396 potuerit,
750 2337 804 2378 suo
825 2314 894 2375 loco
914 2315 1073 2394 expediam.

28 2373 95 2460 lutri
108 2399 174 2447 certe
195 2411 278 2452 cansa
329 2409 400 2449 enos
421 2389 571 2450 Elisabeth
591 2393 685 2452 Lucas
711 2401 937 2452 commemorate
965 2389 1074 2450 licebat

28 2465 67 2538 m.
78 2459 194 2525 Mariae
210 2409 376 2526 secundun
395 2466 506 2560 Legem
526 2467 654 2550 gregarii
673 2467 832 2546 cuiuspiam
845 2466 965 2526 Levitae
984 2464 1073 2556 liliam

29 2523 141 2601 tltsuren
157 2561 277 2602 suasere
331 2543 375 2601 Ea
394 2561 458 2622 para
481 2543 573 2624 igitur
591 2543 733 2627 coniugio
753 2553 892 2625 apparet,
921 2539 1071 2608 hominem

29 2615 170 2676 'nautae
187 2639 247 2678 non
267 2619 361 2680 fuisse
381 2630 593 2699 contemptum.

29 2751 32 2766 ,
58 2689 75 2744 l
100 2689 179 2751 Ernst
197 2699 267 2754 taes
289 2691 376 2755 ιιιιιόο
398 2715 498 2754 meurs
517 2695 595 2754 Deo.
642 2694 828 2758 Praeclarum
854 2694 910 2757 illis
933 2693 1069 2755 testimo-

29 2763 154 2846 mallit,
175 2789 234 2831 non
255 2772 350 2832 modo
371 2771 451 2850 quud
469 2783 571 2832 sancte
591 2782 621 2833 et
645 2775 761 2854 integre
779 2773 884 2834 versati
904 2783 972 2832 aunt
990 2772 1070 2830 inter

29 2849 103 2910 ”mh
124 2845 166 2904 ted
184 2868 284 2908 eoram
306 2848 374 2906 Deo
395 2848 481 2906 etiam
502 2847 580 2908 iusti.
624 2850 721 2910 Porro
745 2848 884 2913 iustitiam
903 2848 979 2914 hauc
998 2847 1068 2906 bre-

29 2918 54 2964 m
74 2913 148 2980 talaia
174 2922 284 2999 Lucas,
318 2921 398 3003 quod
429 2923 644 2984 ambulaverint
674 2927 705 2985 in
734 2924 858 2986 Domini
892 2923 1067 3004 praeceptis.

29 2993 114 3078 tropas
128 2997 171 3056 dili
192 3014 279 3060 enter
298 2999 475 3060 notandumr
497 3019 565 3060 nam
586 3001 640 3061 etsi
658 3003 687 3061 in
709 3002 787 3062 bunc
804 3001 893 3062 duem
913 2999 1070 3090 laudantur

29 3061 102 3146 {lanas
116 3085 141 3132 et
155 3018 321 3150 Elisabeth,
346 3087 380 3136 ut
403 3076 527 3138 sciamus
548 3075 712 3153 lucernam,
733 3097 807 3160 quae
827 3076 970 3157 praeluxit
987 3075 1012 3138 F
1014 3075 1066 3135 ilro

29 3151 51 3199 ²²·
63 3163 103 3202 tot
119 3167 147 3209 ea
163 3151 287 3214 obscura
309 3151 415 3228 domo,
434 3152 486 3212 sed
505 3152 610 3214 illustri
630 3155 756 3234 quodam
775 3154 902 3215 sacrario
921 3162 1066 3240 sumptam

29 3229 54 3271 t.
68 3221 104 3279 nh
119 3245 212 3288 eorum
231 3241 333 3290 tameo
354 3229 488 3308 exemplu
509 3229 596 3290 nobis
616 3230 732 3290 interim
751 3239 932 3289 monstratur
949 3246 998 3306 pre
1018 3245 1065 3284 ru-

29 3297 164 3362 'il‘u'reudi
182 3308 294 3388 regula.
332 3305 401 3364 Hoc
421 3323 493 3386 ergo
514 3308 544 3366 in
562 3307 620 3369 rita
639 3319 721 3367 recte
738 3305 919 3374 instituenda
936 3301 1064 3382 primum

29 3375 67 3424 lt!
80 3377 221 3441 studeamus
241 3403 297 3442 nos
318 3381 447 3462 probare
466 3383 543 3441 Deo.
584 3383 697 3443 Scimus
717 3395 825 3456 autern,
847 3401 901 3441 cor
914 3381 1061 3450 sincerum

35 3457 315 3517 [succendendam
339 3457 375 3517 ab
401 3475 439 3516 eo
462 3459 585 3518 manime
605 3459 726 3550 requiri.
779 3457 884 3536 ltaque
907 3471 1062 3536 perversus

946 965 1014 1003 llum
1034 966 1088 1015 811·Ι

30 3523 109 3596 tardo,
124 3531 144 3589 ai
163 3534 224 3624 apris
244 3533 413 3670 posthabita
433 3529 530 3598 cordis
549 3535 720 3618 integntate
739 3546 888 3596 externam
905 3529 997 3598 modo
1015 3528 1061 3590 ri-

30 3595 231 3687 siaabaeqnmm
272 3611 335 3701 egis
355 3623 523 3747 componat.
561 3610 825 3670 Tenendumeuim
844 3607 986 3670 memoria
1007 3617 1062 3681 est,

30 3685 65 3731 ἢ·
77 3679 103 3736 td
120 3703 198 3760 quem
218 3705 368 3767 respicere
387 3687 417 3745 iu
441 3707 533 3760 emur,
552 3707 615 3748 non
635 3699 781 3748 externam
796 3705 919 3768 operum
939 3684 1059 3761 larvam,

30 3741 84 3832 lp„
106 3765 252 3842 praeetpue
282 3761 399 3822 intueri.
448 3763 589 3824 Secundo
614 3763 722 3823 deiude
745 3763 813 3824 loco
839 3761 960 3824 accedat
983 3757 1062 3818 obe·

30 3835 84 3916 arra..
101 3830 149 3892 hoe
166 3850 224 3912 est,
248 3857 288 3898 ne
307 3837 363 3900 sibi
382 3839 507 3932 quisque
532 3859 637 3901 noram
661 3838 789 3900 iustitiae
812 3839 952 3910 sormam,
981 3853 1057 3915 quae

34 3915 105 3988 itm,
129 3911 187 3972 aine
205 3915 262 3974 Dei
282 3915 375 3974 verbo
397 3915 534 3991 lhbrrcet‚
563 3917 614 3978 sed
634 3937 689 3976 nos
708 3915 767 3976 Del
784 3915 908 3995 imperio
928 3915 1055 3974 sinamus

30 3989 43 4040 l
68 3979 150 4061 ¹itque
167 3991 242 4050 enirn
262 3990 334 4050 baec
355 3991 488 4052 definitio
508 3992 684 4074 negligenda
704 4003 764 4068 est,
789 3991 886 4052 Iustus
907 4009 985 4064 esse,
1005 3988 1056 4066 qui

30 4065 51 4104 'l
67 4073 127 4117 suan
145 4061 267 4126 lornant
290 4067 326 4127 ad
346 4067 433 4148 Legis
454 4081 624 4150 praecepta:
645 4090 703 4149 quo
723 4069 866 4143 lunuitur,
886 4065 957 4126 nibil
977 4085 992 4126 a
1016 4063 1056 4128 ud

30 4139 60 4184 ²¹¹
73 4149 119 4219 {tre
134 4137 250 4201 heticios
264 4161 369 4202 omnes
388 4143 492 4219 cultus,
513 4157 542 4204 et
561 4164 665 4228 vagum
685 4163 747 4206 esse
767 4166 801 4206 ae
820 4162 978 4204 erroneum
995 4086 1055 4200 bu-

30 4215 127 4268 uenae
143 4235 264 4293 cumana,
282 4219 402 4280 simulac
422 4220 581 4281 disceditur
599 4223 635 4282 ab
657 4223 717 4282 eius
737 4221 828 4306 Lege.
865 4219 950 4280 Inter
962 4235 1053 4306 ptusq-

30 4285 84 4362 ''‚³²
95 4288 292 4374 yt'ficntim
310 4295 368 4356 hoc
385 4297 519 4372 interest,
538 4299 619 4378 quod
637 4298 782 4380 posterius
801 4315 911 4359 nomen
930 4307 1054 4378 proprie

39 4367 115 4428 l'tlttu
135 4379 163 4433 tt
182 4369 271 4438 diuini
294 4371 389 4440 culuu
409 4373 708 4454 exercitaremur,
735 4374 815 4460 prius
839 4383 936 4438 autem
961 4385 1053 4448 uragu
