2678 4860
318 247 497 319 (bib-20.
539 245 668 306 Christus
688 243 827 324 discipulis
846 251 984 328 appetet.)
1158 253 1214 312 4OE

69 405 130 462 inde
150 403 310 464 oriebatur:
337 417 365 466 et
386 416 480 464 nmen
502 405 650 466 obstaculo
670 405 738 484 snit,
756 427 794 467 ne
812 405 912 468 victrix
930 419 1092 490 emergeret
1114 429 1212 472 eorum

68 479 153 541 lideu.
197 479 336 542 Nutetnus
364 501 449 560 ergo,
478 502 560 560 qnam
583 495 713 561 suspecta
739 482 820 543 nubis
850 501 911 543 esse
934 485 1035 545 debeat
1057 483 1211 548 all'eetnum

69 567 240 616 nostrorum
272 555 464 633 vehementia,
492 579 575 636 qnae,
606 559 729 638 quamvis
759 580 791 620 er
818 559 901 620 bonis
924 560 1066 642 principiis
1093 561 1208 638 oriatur,

68 655 130 692 uns
152 645 243 692 tamen
263 656 278 694 a
299 645 374 696 recta
396 635 438 694 sia
459 643 629 710 transversos
649 635 728 715 rapit.
768 639 922 696 blonemur
940 637 1039 711 etiam,
1060 658 1143 717 qnam
1162 659 1207 698 se-

67 707 147 768 dulo‘
165 709 248 767 nobis
273 709 431 770 luctandum
457 712 492 768 sit
517 721 618 771 contra
642 711 705 772 lidci
730 711 944 792 impedimenta,
968 722 1054 793 quum
1075 715 1207 795 gandium

67 807 109 842 ex
130 784 236 844 Christi
257 787 412 866 praesentia
435 799 607 866 conceptum
627 787 828 848 incredulitatis
846 809 926 850 carata
945 789 1033 851 luerit
1051 789 1205 868 Apostolis.

68 863 197 921 Rursum
219 882 287 922 veru
308 863 500 954 perspicimus,
520 885 601 941 eptam
623 863 747 944 henigne
767 876 796 925 et
816 865 938 926 comiter
956 886 1072 926 snorum
1091 865 1207 926 insterni-

68 937 122 999 tati
142 937 285 1020 indulgeat
306 939 451 1012 Christus,
471 939 518 1018 qui
538 960 615 999 novo
634 939 802 1003 adminiculo
823 942 946 1003 labantes
965 942 1064 1004 fulcire
1081 962 1140 1000 non
1160 963 1206 1004 re-

67 1026 161 1075 cusat.
202 1018 238 1072 bt
261 1015 389 1094 quidem,
414 1015 482 1074 licet
506 1013 636 1075 coelestis
656 1017 729 1078 vitae
754 1019 908 1079 novitatem
932 1019 983 1078 ade
1005 1031 1061 1095 tus,
1087 1017 1152 1078 cibo
1177 1031 1206 1079 et
1235 1083 1238 1096 ¹

69 1102 144 1168 potu
169 1089 256 1150 nihilo
281 1092 368 1172 nnagis
392 1091 516 1171 indigeat
543 1112 626 1183 qnam
651 1093 757 1174 angeli,
789 1117 819 1154 se
848 1107 941 1155 tamen
965 1039 1001 1154 ad
1025 1113 1205 1156 communem

68 1166 232 1226 mortalium
257 1189 337 1228 nsum
361 1181 461 1246 sponte
486 1169 617 1228 clemrttit.
656 1170 735 1228 Tuto
764 1172 838 1232 vitae
862 1185 928 1232 suae
952 1193 1035 1231 cursu
1055 1170 1155 1232 edendi
1174 1182 1205 1233 et

68 1243 188 1302 bibendi
217 1243 376 1304 necessitati
405 1264 436 1303 se
465 1243 638 1305 subiecerat:
670 1267 745 1306 rtunc
770 1265 802 1306 ea
827 1260 970 1328 exemptus
989 1247 1055 1308 cibo
1079 1247 1204 1308 inbono

67 1319 158 1377 linem
184 1321 317 1392 vescitur,
347 1332 378 1378 nt
401 1319 551 1398 discipulos
577 1322 612 1382 de
634 1343 684 1381 sua
706 1323 915 1384 resurreetione
938 1323 1112 1403 persuadeat
1158 1323 1203 1384 Ita

67 1395 212 1470 eiclenms,
245 1408 277 1456 ut
302 1396 462 1476 posthabito
486 1398 527 1456 sui
552 1409 682 1476 respectu
712 1409 812 1459 noster
840 1419 954 1480 seraper
983 1418 1043 1462 esse
1069 1399 1201 1470 voluerit.

67 1473 153 1532 Haec
177 1493 242 1532 vera
266 1487 309 1532 est
327 1493 360 1534 ac
381 1472 433 1553 pia
457 1471 537 1532 huius
556 1471 688 1535 historiae
706 1475 865 1548 meditatio,
888 1475 916 1535 iu
936 1495 991 1554 qua
1009 1475 1116 1542 utiliter
1133 1473 1203 1538 insi-

66 1560 150 1608 rtem
172 1547 280 1624 fideles,
307 1548 425 1608 curiosis
448 1549 656 1628 quaestionibus
684 1547 778 1612 valere
802 1551 893 1626 iussis,
922 1552 946 1611 si
970 1564 1125 1612 concoctos
1148 1549 1202 1610 tute

65 1623 118 1683 bie
139 1623 216 1684 cibus
235 1625 434 1704 corruptibilis,
453 1623 534 1704 qnale
552 1626 618 1685 inde
634 1625 797 1688 alimentum
813 1628 928 1688 traxerit
943 1627 1101 1688 immortale
1115 1625 1201 1688 Chri·

65 1701 108 1760 sti
128 1719 245 1780 corpur:
268 1699 371 1760 deinde
388 1703 455 1779 quid
475 1698 580 1761 laetum
598 1701 636 1762 eit
656 1702 851 1763 excrementis.
890 1702 979 1777 Quasi
997 1723 1068 1764 vern
1086 1722 1145 1764 non
1165 1701 1202 1762 ait

63 1777 102 1836 in
122 1775 182 1838 eius
199 1769 329 1850 arbitrio,
353 1779 400 1856 qni
419 1778 455 1837 do
474 1777 562 1838 nihilo
581 1779 675 1838 omnia
695 1780 816 1854 creavit,
833 1779 982 1860 pauxillum
1002 1777 1058 1854 eibi
1077 1780 1107 1843 in
1126 1777 1201 1838 nihi·

64 1853 144 1927 lum,
166 1852 215 1912 ubi
235 1853 273 1911 ita
293 1853 381 1912 risum
402 1865 459 1926 est,
478 1853 616 1936 redigere.
654 1853 736 1916 Sicut
755 1875 826 1938 ergo
844 1856 949 1936 piscem
968 1867 999 1916 et
1018 1854 1112 1916 sarum
1130 1871 1200 1916 vere

64 1927 194 2010 gustavit
218 1929 358 2002 Christus,
385 1941 419 1988 ut
440 1949 472 1988 se
498 1929 640 1990 hominem
667 1943 851 2004 monstraret,
875 1931 912 1991 ita
934 1951 994 1991 nnn
1013 1931 1128 1992 dubium
1148 1942 1199 2006 est,

1 2016 2 2046 ³
64 2003 139 2086 qniu
160 2004 253 2064 divina
272 2026 322 2064 sua
341 2006 458 2077 virtute,
483 2005 557 2084 quod
581 2007 610 2065 in
637 2005 799 2066 alimentum
823 2010 942 2068 transire
960 2027 1032 2088 opus
1050 2027 1110 2070 nnn
1130 2017 1199 2082 erat,

64 2081 285 2160 cunsumpserit.
329 2082 378 2142 Sic
400 2081 516 2164 angelos
539 2081 567 2140 in
593 2101 688 2142 mensa
711 2082 856 2155 Abrahae,
878 2083 960 2144 sicuti
977 2083 1050 2144 veria
1069 2079 1199 2162 corpori·

63 2157 124 2218 bns
142 2157 232 2216 induti
250 2169 344 2232 erant,
366 2174 435 2216 vere
460 2157 615 2217 comedisse
639 2170 667 2217 et
690 2157 794 2219 bibisse
819 2177 880 2218 non
905 2157 1015 2219 dubito:
1043 2177 1137 2238 neque
1155 2169 1197 2218 ta-

63 2254 136 2293 men
161 2245 311 2318 propterea
334 2234 477 2307 concedo,
499 2253 553 2312 pro
579 2234 671 2294 carnis
693 2235 854 2295 infirmitate
877 2234 944 2295 cibo
967 2245 996 2294 et
1059 2245 1090 2296 tn
1113 2233 1199 2294 luisse

63 2309 207 2382 reiectos,
227 2311 275 2369 aed
297 2331 382 2386 qnnm
403 2310 431 2369 in
451 2307 569 2392 gratiam
589 2309 719 2372 Abrahae
738 2311 857 2376 hnmana
875 2307 966 2372 sunna
984 2311 1014 2371 in
1035 2311 1075 2379 uti
1094 2319 1197 2384 essent,

64 2385 126 2445 boe
146 2385 230 2444 etiam
250 2387 328 2447 dedit
344 2405 428 2445 servo
448 2407 500 2447 suo
518 2385 665 2460 Doudoua,
684 2397 716 2447 ut
734 2397 800 2448 ante
819 2388 879 2447 eius
897 2386 1042 2468 tugurium
1062 2383 1198 2448 coelestes

63 2460 109 2522 illi
133 2460 258 2542 hospites
281 2473 472 2522 veseeeentur.
509 2463 651 2522 Parrasi
674 2462 795 2523 latemur
818 2482 953 2542 corpora,
977 2483 1049 2542 quae
1067 2461 1102 2522 ad
1123 2472 1198 2520 tem-

63 2559 123 2618 pus
146 2549 337 2618 sumpserant,
360 2549 511 2618 postquam
537 2537 678 2620 legatione
702 2559 751 2599 sua
777 2537 904 2598 defuncti
927 2550 1007 2612 sunt,
1028 2538 1059 2601 ln
1080 2536 1198 2610 nihilum

1 2639 3 2650 >
64 2613 182 2676 redacta
200 2631 275 2687 esse,
291 2615 355 2694 qnia
373 2615 447 2672 idem
466 2615 502 2674 de
521 2613 657 2674 alimentis
674 2615 779 2676 sactum
802 2635 862 2677 esse
880 2611 1012 2696 negabit?

146 2693 194 2750 44.
231 2691 403 2750 Haerentes
422 2693 521 2751 eerbn.
562 2689 730 2770 Quanquam
756 2711 789 2751 ex
809 2689 952 2752 blattbaeo
973 2701 1004 2752 et
1025 2692 1123 2751 Marco
1144 2708 1198 2770 pn·

63 2777 131 2828 stea
155 2765 276 2845 patebit,
303 2787 363 2826 non
388 2766 542 2826 absimilem
570 2785 732 2827 sermonem
756 2767 786 2826 in
809 2764 932 2830 Galilaea
956 2766 1042 2828 fuisse
1065 2765 1200 2840 bathum,

63 2842 139 2903 mibi
166 2855 259 2902 tamen
283 2841 430 2926 probabile
455 2851 514 2914 ent,
541 2863 617 2901 nune
639 2863 655 2902 a
675 2843 752 2902 Luca
774 2845 880 2904 narrari
904 2843 980 2922 qnod
1019 2843 1135 2906 osteidie
1153 2863 1199 2902 re-

63 2916 252 2980 rumedunia
271 2918 403 3001 contigit.
433 2919 523 2993 (latmi
542 2917 616 2978 enim
631 2919 752 2979 loannes
770 2917 805 2977 de
819 2919 867 2981 illo
880 2920 926 2980 die
943 2931 984 2980 tra
1005 2931 1035 2993 rt,
1054 2919 1199 2994 sufflasse

64 3001 103 3056 r'n
120 3017 180 3065 eor,
206 3006 239 3055 ut
261 2996 398 3075 Spiritum
422 3007 548 3056 sanetnm
572 2993 732 3068 conterret,
756 2996 891 3055 convenit
910 3017 973 3054 earm
994 2995 1087 3056 verbis
1103 2995 1199 3054 Lneae

64 3090 145 3152 qnae
163 3091 229 3132 mor
252 3083 419 3150 sequentur,
443 3075 598 3148 operuisse
620 3073 683 3130 illie
702 3081 836 3142 mentem,
856 3081 890 3129 nt
909 3074 1107 3150 intelligerent
1126 3074 1198 3128 seri·

62 3159 187 3225 pteron
228 3147 321 3207 Porro
343 3146 385 3206 bis
407 3149 498 3208 verbis
519 3147 646 3207 Christus
664 3145 777 3225 oblique
797 3167 915 3206 crassam
936 3158 963 3206 et
982 3147 1110 3228 ignaram
1133 3165 1200 3206 sno·

65 3245 135 3284 rum
155 3223 327 3283 oblivionem
347 3222 519 3304 perstringit,
538 3223 614 3301 quod
635 3221 806 3282 familiariter
823 3223 859 3280 de
877 3222 972 3282 futura
991 3220 1200 3284 resurrectione

65 3301 180 3382 pridem
193 3299 339 3372 admoniti,
360 3299 475 3379 perinde
492 3297 603 3357 attoniti
622 3297 718 3358 forent
736 3300 789 3360 acsi
809 3297 878 3358 nihil
896 3319 1017 3378 unqrram
1037 3297 1090 3358 illis
1102 3295 1201 3362 inisset

66 3377 189 3436 dictum.
228 3375 349 3436 Perinde
367 3376 442 3434 enim
463 3373 555 3440 valent
574 3376 633 3435 eins
655 3376 740 3435 verba
761 3375 816 3435 aesi
833 3375 955 3450 diceret,
980 3373 1058 3448 Quid
1081 3372 1204 3436 haeretis

67 3453 151 3530 quasi
175 3453 203 3511 in
222 3472 256 3511 re
275 3471 350 3511 nova
369 3452 413 3512 vel
432 3450 589 3530 inopinata,
617 3471 689 3530 quae
712 3463 808 3511 umen
830 3451 938 3528 saepius
958 3471 973 3511 a
992 3471 1039 3511 me
1058 3449 1201 3529 praedicte

68 3531 179 3590 sueratt
201 3549 253 3588 cur
272 3547 331 3586 nou
351 3526 446 3606 potius
466 3525 617 3588 verborum
639 3546 767 3586 meorum
787 3527 989 3588 recordamini?
1018 3529 1089 3594 Nam
1110 3525 1134 3585 ri
1155 3543 1202 3584 me

67 3623 205 3668 veracem
223 3605 358 3664 haetenus
377 3603 504 3678 desistis,
523 3603 579 3662 hoe
598 3603 651 3662 iam
672 3623 704 3662 er
725 3623 786 3662 mea
806 3601 933 3662 doctrina
953 3601 1035 3662 vobis
1055 3601 1201 3691 cognitum
1302 3609 1308 3620 ‘

69 3701 137 3742 esse
159 3681 308 3752 debuerat,
334 3679 492 3762 priusquam
516 3678 663 3738 accideret.
704 3679 738 3738 ln
761 3699 880 3753 somma,
910 3678 995 3738 tacite
1020 3689 1204 3756 conqueretur

70 3755 220 3830 Christus,
270 3777 336 3816 uuna
361 3756 503 3816 effluxerit
527 3774 575 3816 ena
600 3754 743 3828 doctrina,
767 3775 797 3814 se
823 3773 937 3834 operam
956 3753 1030 3835 apud
1048 3751 1203 3834 Apostolos

68 3831 148 3894 male
170 3778 332 3912 perdidisse.
375 3833 480 3892 herine
505 3831 588 3892 etiam
613 3851 712 3890 eorum
736 3831 894 3890 tarditatem
920 3830 1148 3922 pungit,·qunm
1172 3845 1202 3888 se

70 3907 227 3992 quiequam
251 3929 357 3968 novam
383 3907 530 3990 protulisse
556 3919 654 3987 negat:
681 3906 729 3967 sed
751 3917 859 3967 tantum
883 3907 913 3964 in
932 3924 1098 3966 memoriam
1118 3923 1204 3993 repo·

70 3985 438 4123 {ittettttbsstbi‘
458 3981 1033 4137 italiltttttt.‘tttttid’tiitt
1049 3992 1205 4138 iglii'li!

72 4149 157 4209 rent,
181 4136 249 4196 nihil
272 4147 367 4198 tamen
390 4136 479 4218 magis
496 4135 646 4196 absordum
665 4134 719 4201 luit
740 4155 822 4216 qnam
844 4123 903 4202 nnn
922 4131 1050 4222 protinam
1067 4129 1207 4224 amplecti,

71 4213 156 4294 qnod
176 4235 192 4274 a
211 4215 275 4274 Deo
293 4211 455 4294 proiectum
475 4230 535 4274 esre
588 4212 673 4272 rsuasi
692 4224 782 4276 erant.
815 4210 984 4272 Confessum
1003 4227 1078 4269 enam
1097 4229 1127 4268 an
1143 4218 1207 4298 'tota

97 4301 166 4350 ente
184 4289 292 4350 axioma
312 4289 383 4350 istud
406 4301 478 4362 erat,
504 4289 552 4349 unt
580 4309 607 4348 tn
628 4307 688 4348 erse
707 4287 884 4368 religionem,
903 4286 958 4347 nisi
981 4305 1053 4365 quae
1073 4297 1204 4347 contene-

72 4313 163 4432 baur
185 4365 218 4428 in
243 4367 323 4450 Lego
347 4363 560 4450 tetraplasia.
603 4363 758 4430 Caeterum
781 4363 828 4426 blo
849 4363 960 4446 plenior
983 4361 1103 4426 hebetur
1123 4380 1206 4441 quam
