2596 4840
122 273 164 336 m
513 263 569 326 10.
589 263 760 328 ettvml
778 263 881 328 VITA

125 413 249 485 bantur,
273 407 427 472 salsitatem
451 419 542 489 atque
566 409 722 472 vanitatem
749 409 968 493 elegantissimo
989 407 1094 471 libello
1113 407 1280 489 patefecit.

127 489 207 552 Τιιιιι
248 505 348 567 noque
367 507 383 546 a
403 485 527 546 Biennio
546 485 679 548 Basileae
699 487 848 549 exsulante
868 486 960 548 literis
984 488 1122 548 salutatos
1147 486 1282 546 amieis-

127 565 200 628 sime
226 507 309 626 illum
333 560 502 623 consolatus
528 574 589 637 est,
620 563 650 622 in
678 583 735 642 qua
761 564 973 624 coniunctione
997 564 1108 622 utinam
1132 572 1283 643 perstare

127 641 267 704 Brentins
287 637 448 700 institisset
484 638 632 699 Bueerum
658 639 688 698 in
709 639 818 721 buglis
843 633 1020 700 exsulanterd
1045 649 1117 698 tuoe
1142 647 1284 717 q‘noque

45 749 48 764 .
126 720 258 802 ingenue
277 713 410 788 monuit,
434 725 467 774 ut
486 717 577 796 magis
604 716 757 850 perspicue
783 716 820 776 de
848 716 951 776 Coena
975 715 1096 776 Domini
1121 713 1285 774 scriberet

129 815 165 859 ae
185 794 373 873 loqueretur,
398 802 430 850 et
447 790 618 852 amicissime
638 812 672 852 so
686 803 748 852 atus
768 803 820 852 est
860 790 1012 871 Simulque
1032 791 1283 851 Sommersetum

126 871 254 944 Ducem,
274 865 398 961 Angliae
418 879 630 1002 protectorem,
649 867 849 948 indignissima
869 879 975 950 postea
995 879 1092 928 morte
1110 866 1283 943 allectum,

128 956 264 1009 accurate
282 943 397 1022 scriptis
434 945 513 1004 iteris
539 963 643 1004 eornm
667 943 838 1020 admonuit,
871 945 1080 1024 quaesitum
1105 955 1203 1004 essent
1239 946 1280 1004 in

127 1022 181 1086 illo
202 1041 296 1158 nequo
316 1019 515 1090 animadversa
534 1020 637 1081 multas
658 1019 780 1082 lortasse
794 1032 983 1100 tempestates
1001 1019 1140 1080 eeclesiae
1157 1021 1285 1100 Angli-

131 1118 220 1162 eanae
262 1098 426 1156 enitescent
454 1094 617 1158 Crescebat
635 1099 665 1156 in
686 1097 746 1158 istis
760 1096 969 1158 certaminibus
979 1095 1154 1157 mirabiliter
1168 1099 1284 1157 eecle-

131 1173 175 1239 sia
196 1171 396 1246 Genevensia,
423 1171 502 1252 quod
523 1183 556 1233 nt
574 1173 680 1232 mimm
700 1171 731 1232 in
752 1173 871 1232 modum
892 1173 1030 1234 Satanam
1051 1183 1082 1231 et
1099 1172 1192 1232 malos
1214 1195 1285 1234 ιιι-

129 1249 232 1334 gebat,
250 1249 291 1310 ita
312 1247 426 1310 Caluini
446 1249 623 1329 excipiendis
642 1269 698 1328 pro
719 1248 831 1310 Christi
851 1251 973 1310 nomine
991 1248 1135 1308 exsulibus
1155 1249 1284 1310 intenti

130 1327 260 1390 studium
279 1323 472 1386 vehementer
491 1325 628 1385 acucbat:
656 1327 704 1388 cni
729 1324 921 1386 sollicitudini
940 1327 982 1386 sic
1002 1325 1074 1388 savit
1091 1345 1170 1386 anno
1191 1347 1284 1388 con-

129 1413 275 1484 sequente
295 1401 493 1482 [MDXLIX.]
514 1401 679 1476 Dominus,
697 1412 732 1462 ut
751 1401 805 1461 etsi
825 1422 885 1462 nnn
906 1403 1045 1462 exstincta
1065 1421 1202 1482 prorsus,
1227 1416 1284 1463 at-

130 1491 231 1542 tamen
252 1477 289 1538 ad
308 1490 423 1559 tempus
443 1477 539 1558 sopita
559 1477 737 1538 furiosorum
757 1478 930 1558 improbitas
948 1478 1106 1538 rideretur.
1137 1479 1176 1537 Et
1195 1500 1285 1540 sane

130 1555 258 1618 induciis
285 1553 393 1636 egebat
418 1553 484 1628 ille,
508 1553 678 1633 praesertim
703 1575 771 1616 casu
797 1555 957 1616 domestico
983 1554 1111 1636 graviter
1128 1555 1285 1630 afflictus,

130 1633 235 1694 amissa
254 1629 390 1692 videlicet
416 1649 506 1690 uxore
532 1631 687 1690 lectissima
711 1630 835 1691 semina:
866 1650 953 1711 quem
980 1643 1079 1690 tamen
1104 1649 1203 1690 casum
1237 1633 1285 1692 ita

131 1718 304 1770 constanter
322 1707 399 1781 tulit,
419 1719 452 1766 nt
471 1706 525 1768 hac
546 1707 634 1766 etiam
653 1706 684 1766 in
700 1727 733 1767 re
747 1707 895 1790 singrdare
907 1706 1090 1768 fortitudinis
1101 1707 1282 1786 exemplum

134 1783 193 1846 toti
219 1781 358 1846 ecclesiae
383 1782 560 1862 praebuerit.
604 1782 719 1843 Eodem
743 1781 801 1843 hoc
826 1804 905 1845 anno
933 1795 1030 1844 ιιοιιι
1058 1784 1088 1842 in
1114 1781 1285 1845 Scaenicis

132 1859 264 1922 eeclesiis
284 1859 478 1921 contentione
498 1859 535 1918 de
555 1857 643 1918 rebus
657 1858 845 1938 Adiaplaoris,
865 1881 954 1940 quum
975 1857 1129 1920 aCalrino
1145 1879 1285 1940 qnoque

132 1935 289 1998 consilium
313 1947 480 2016 peteretur,
504 1935 681 1996 sententiam
707 1933 760 1996 hae
786 1936 822 1996 de
848 1956 985 1996 renuam
1009 1935 1102 1994 libere
1121 1940 1286 2014 exposuit,

72 2043 79 2058 ι
131 2013 274 2092 Philippo
295 2013 382 2072 etiam
402 2011 494 2072 olficii
514 2011 682 2084 admonito,
708 2031 795 2091 quem
820 2012 956 2072 nonnulli
977 2024 1009 2072 nt
1032 2012 1062 2071 in
1089 2029 1126 2071 ιο
1146 2011 1285 2072 mollio-

132 2109 196 2150 rem
215 2087 401 2162 accusabant,
420 2087 568 2148 immerito
590 2087 617 2146 id
639 2087 769 2167 quidem,
787 2101 821 2148 nt
838 2087 999 2148 accuratius
1012 2097 1114 2168 postea
1128 2087 1284 2152 Calvinus

133 2165 285 2246 cognorit.
323 2165 402 2224 Tum
423 2164 501 2224 enim
521 2174 585 2222 erat
603 2164 755 2244 ignotum,
780 2184 841 2244 quo
862 2165 961 2226 animo
982 2161 1073 2224 malua
1093 2164 1142 2224 ille
1163 2169 1285 2246 genius

133 2254 165 2302 et
183 2253 250 2303 tota
268 2241 291 2300 F
295 2239 471 2301 lacianorum
497 2237 604 2303 colors
629 2238 845 2318 impelleretur,
871 2260 945 2320 quae
970 2252 1018 2302 tot
1041 2250 1142 2319 postea
1167 2243 1286 2303 turbas

132 2317 230 2393 dedit,
254 2329 285 2378 et
309 2338 388 2377 nunc
412 2335 531 2396 qnoque
557 2334 576 2375 o
598 2337 631 2376 ns
651 2315 774 2376 Domini
794 2316 964 2377 labefactat:
996 2337 1058 2376 ιιοιι
1083 2315 1169 2378 aliter
1189 2339 1286 2394 sane,

130 2413 189 2456 nee
207 2393 302 2454 minus
321 2391 509 2485 impudenter
528 2412 561 2453 ac
578 2336 702 2467 lorinse,
723 2415 808 2474 quam
827 2394 851 2454 si
872 2393 908 2454 ab
928 2395 992 2474 ipso
1004 2393 1138 2454 llomano
1159 2391 1285 2454 Ponti-

130 2469 187 2532 fice
207 2471 318 2552 magnis
337 2468 490 2550 stipendiis
509 2479 586 2528 esset
604 2468 758 2530 eonducta.
791 2469 948 2530 Caeterum
970 2469 1027 2531 line
1046 2468 1177 2532 ecclesiis
1191 2467 1288 2532 Ger-

129 2547 254 2608 manicis
272 2545 414 2608 inflictum
435 2543 537 2607 vulnus
557 2545 708 2606 contrario
727 2543 874 2608 beneficio
895 2545 1041 2608 Dominus
1061 2546 1137 2627 apud
1157 2545 1287 2610 Helve-

131 2623 208 2686 ticos
229 2623 438 2701 compensavit,
459 2621 574 2680 l'arello
594 2620 680 2681 simul
699 2641 733 2680 ac
746 2621 869 2682 Calvino
885 2623 1030 2704 'ligurum
1045 2622 1206 2714 prosectis,
1232 2638 1287 2700 ut,

130 2719 224 2836 quum
243 2697 318 2758 visos
345 2709 422 2758 esset
446 2697 617 2789 quibusdam
639 2695 777 2758 Calvinus
798 2698 1106 2760 Consnbstantiatroni
1130 2702 1287 2762 nonnihil

145 2795 241 2850 arere,
260 2771 297 2834 de
317 2795 467 2840 commum
488 2792 519 2832 re
540 2773 670 2832 omnium
684 2772 901 2836 Helveticarnm
914 2774 1098 2836 eeclesiarum
1119 2794 1285 2840 consensu

131 2850 270 2915 omnibus
290 2851 425 2930 liqueret.
464 2851 569 2928 Neque
588 2869 660 2910 vero
681 2849 800 2911 difficile
820 2849 898 2912 lactu
918 2853 987 2926 luit,
1013 2862 1047 2912 ut
1070 2851 1148 2911 inter
1169 2849 1286 2916 bonos

135 2939 168 2988 et
191 2926 319 2988 veritatis
345 2937 473 2988 amantes
498 2925 679 2986 conveniret.
720 2927 833 3007 Scripta
864 2941 908 2989 est
936 2928 1027 3010 igitur
1055 2947 1168 2988 summa
1202 2950 1284 2990 eum

132 3005 266 3064 omnium
291 3003 509 3064 Helveticarnm
542 3013 573 3061 et
596 3001 802 3064 Rhaeticarurn
834 3004 1021 3065 ecelesiarum
1048 3003 1287 3083 approbatione

130 3080 307 3154 consensio,
331 3100 405 3158 quae
430 3077 600 3214 praesertim
629 3078 791 3140 Henricum
817 3079 1021 3164 Bullingerum
1046 3100 1111 3140 cnm
1138 3079 1285 3144 Calvino

131 3155 366 3239 Tigurinamque
386 3155 536 3216 eccesiam
562 3175 628 3214 cum
649 3154 818 3216 Genevensi
843 3159 1005 3219 arctissimo
1028 3154 1147 3220 vinculo
1174 3162 1294 3242 magis,

130 3253 166 3294 ac
184 3232 277 3314 magia
302 3230 463 3314 colligavit,
488 3233 518 3291 in
567 3251 602 3290 na
626 3231 712 3290 etiam
740 3251 849 3310 omnes,
869 3234 963 3294 adhuc
988 3245 1147 3314 perstamus
1175 3247 1212 3294 et
1243 3239 1286 3298 ad

131 3319 294 3368 extremum
315 3327 407 3398 usque
424 3251 623 3368 faventelleo
644 3307 818 3397 perstituros
839 3331 893 3372 nos
911 3330 1070 3392 speramus.
1101 3309 1153 3370 Sic
1173 3331 1286 3374 anons

129 3383 182 3444 ille
203 3381 270 3443 lelix
289 3383 377 3444 nolin
402 3393 517 3448 exactus
542 3395 602 3459 est,
627 3404 651 3442 sa
677 3405 743 3444 cum
763 3387 886 3448 caeteris
906 3387 1088 3448 conseratur:
1120 3387 1209 3448 cuins
1242 3410 1286 3453 eo

128 3459 270 3520 libentius
290 3459 424 3534 memini,
449 3458 530 3539 quod
550 3459 573 3520 is
592 3458 663 3518 milri
683 3461 793 3540 primae
813 3462 849 3522 ad
869 3465 1076 3526 ecclesiasticas
1096 3461 1288 3530 functiones

128 3534 291 3598 vocationis
310 3556 403 3609 rneae,
422 3547 547 3596 vocante
568 3555 613 3596 me
631 3533 830 3598 Lausannensi
850 3539 984 3613 ecclesia,
1002 3540 1173 3620 impellente
1196 3563 1287 3606 vero

130 3611 266 3688 Calvino,
285 3611 399 3700 initium
418 3609 516 3672 luerit
556 3611 680 3690 Scripsit
699 3635 818 3694 quoque
835 3635 892 3706 per
912 3617 941 3676 id
959 3629 1018 3676 tem
1043 3639 1074 3676 ns
1093 3615 1177 3678 binas
1202 3641 1288 3682 erar.

129 3687 283 3750 ditissimas
304 3685 442 3767 eprstolas
461 3687 564 3748 Laelio
584 3689 698 3748 Socino
718 3691 859 3764 Senensi,
884 3693 989 3775 Tiguri
1015 3637 1066 3754 din
1090 3704 1215 3754 versato
1249 3721 1291 3761 ac

129 3763 249 3824 tandem
281 3764 368 3824 etiam
392 3775 523 3824 mortun.
561 3765 604 3824 Es
628 3766 661 3828 iis
686 3787 755 3828 vero
781 3769 860 3860 quod
887 3769 976 3830 suerit
1000 3769 1077 3830 illius
1101 3771 1291 3852 ingenium,

129 3860 237 3920 nempe
257 3838 344 3920 plane
363 3839 588 3914 Academicum,
611 3841 695 3904 facile
715 3843 808 3923 quivis
829 3846 998 3928 dignoscet,
1018 3865 1064 3907 res
1083 3857 1182 3905 antem
1211 3853 1290 3932 ipsa¹

130 3933 199 3976 sero
219 3937 253 3978 ac
272 3915 390 3976 nonnisi
410 3928 479 3996 post
497 3917 558 3978 eius
578 3917 692 3978 obitum
714 3919 862 3998 patefecit,
884 3944 973 4001 quum
994 3923 1017 3983 is
1031 3921 1166 3982 ecelesias
1178 3943 1290 4001 pera-r

127 4011 216 4073 grans
234 4013 267 4052 ac
288 3992 485 4054 doctissimum
506 4015 652 4075 quemque
663 4007 750 4075 atque
763 3998 792 4056 in
805 3998 838 4058 iis
851 3999 991 4078 imprimis
1001 3998 1076 4059 Phili
1099 4010 1180 4090 pum,
1198 3985 1290 4066 (jaid

128 4067 246 4142 vinum,
268 4067 450 4130 Ioacbinrum
476 4069 603 4152 deniqne
629 4072 828 4134 Camerarlum
849 4078 882 4148 (a
909 4096 969 4154 qno
995 4075 1025 4136 in
1052 4021 1182 4156 Pbrlippi
1217 4085 1289 4146 vito

152 4143 349 4206 erhooorifico
377 4147 547 4208 testimonio
573 4163 677 4210 contra
724 4169 789 4211 nam
810 4163 973 4211 mereretur
992 4164 1113 4212 ornatus
1133 4157 1207 4232 est)
1235 4153 1289 4239 [eq

128 4165 260 4282 lellisset.
300 4219 451 4300 Siquidem
472 4223 554 4286 illum
574 4237 677 4305 postea
696 4169 862 4301 llellianae,
886 4227 923 4287 de
944 4249 1000 4309 qna
1018 4249 1073 4289 sno
1093 4227 1163 4290 loco
1184 4233 1288 4308 dice-q

125 4318 208 4372 mus,
226 4295 379 4377 farraginis
397 4297 503 4380 [libelli
516 4304 594 4380 ficte
611 4299 705 4360 Bellis·
721 4305 837 4362 nomina
859 4307 891 4362 iss
914 4303 1006 4365 laeena
1030 4304 1114 4384 artat
1139 4309 1288 4376 maxima

128 4391 164 4436 ea
180 4384 267 4455 parte
284 4386 437 4440 auctorem
457 4377 556 4456 lubre,
575 4389 606 4442 et
624 4377 758 4456 Serreti,
779 4379 984 4460 Castellianis,
1004 4379 1113 4445 Oelaini
1132 4321 1288 4478 deniqud
