2664 4862
224 217 230 228 ⁴
334 261 485 342 (nna-a.
523 261 601 324 reu
622 281 716 326 unm
736 261 868 346 carpus>
1105 269 1162 334 aar

23 435 78 480 rae
103 421 139 479 et
166 412 315 478 rectiores
343 423 570 480 convenerant.
614 411 667 482 58.
690 415 804 483 Petrus
832 425 937 483 antem
967 415 1163 508 sequebatur

23 539 91 582 tum
118 513 235 604 procul
258 537 361 604 usque
384 514 424 582 ad
453 517 567 582 atrium
595 521 709 584 summi
733 517 915 600 Pontificio,
947 528 979 586 et
998 517 1162 608 ingressus

23 630 124 697 utro,
160 615 296 684 sedehat
318 639 390 683 curn
412 621 580 697 ministris,
612 631 646 686 nt
668 620 791 687 videret
812 619 920 686 finem.
961 621 1015 688 59.
1039 625 1161 692 Princi-

23 745 73 788 ›es
98 729 205 786 antem
230 718 434 786 sacerdotum
458 731 489 786 et
510 724 653 787 seniores
682 730 714 789 et
736 733 838 790 totum
861 723 1040 791 consilinm
1062 742 1161 816 qnae

23 824 140 892 ebant
163 821 278 888 falsum
302 823 517 888 testimoninm
539 825 793 906 contraherem,
825 835 860 894 ut
886 846 958 894 curn
980 831 1075 896 morti
1099 840 1161 898 tra-
1242 843 1253 851 ''

23 929 142 996 ierent.
191 923 243 990 60.
266 923 307 990 Et
327 945 396 992 non
419 924 640 992 inveniebant:
667 927 761 992 etiam
782 945 880 1013 qnam
902 929 994 996 multi
1016 929 1089 996 isici
1114 941 1159 999 tn-

23 1042 82 1096 tes
105 1029 326 1102 accessissent,
347 1047 415 1093 nou
437 1026 651 1094 inveniebant.
670 1027 856 1096 Novissime
877 1039 982 1097 autem
1003 1045 1160 1104 venerunt

23 1133 85 1198 ino
114 1127 190 1194 falsi
219 1139 331 1207 testes,
374 1127 427 1196 61.
451 1129 519 1216 Qui
541 1127 701 1210 dixerunt,
723 1133 785 1198 ilio
812 1131 905 1212 dixit,
938 1135 1074 1204 Possum
1102 1135 1159 1213 dn-

23 1245 144 1300 ttruere
165 1232 315 1321 ternplum
336 1231 414 1311 Dei,
438 1243 470 1298 et
491 1231 598 1300 triduo
619 1231 791 1298 aedificare
812 1233 903 1302 iliud.

105 1399 249 1470 Mene.
276 1403 364 1469 xtV.
406 1403 460 1469 53.
486 1405 528 1470 Et
561 1403 763 1471 adduxerunt
790 1403 895 1472 iesum
927 1403 969 1471 ad
1001 1426 1158 1476 summum

23 1503 235 1584 sacerdotem,
263 1513 294 1571 ct
316 1507 512 1572 conveniunt
532 1527 604 1572 curn
627 1527 666 1572 eo
695 1528 806 1574 onmes
827 1508 987 1594 principes
1009 1510 1158 1578 secerdo-

23 1632 103 1688 nrn,
133 1617 165 1674 et
191 1607 350 1686 seniores,
381 1617 413 1674 ct
441 1607 575 1674 scribae
624 1609 677 1674 ot.
698 1607 741 1673 Et
763 1609 877 1674 Petrus
899 1611 1024 1676 enricus
1044 1633 1158 1700 seque-

23 1723 118 1778 oatur
137 1729 210 1777 eunt
232 1729 337 1798 nsque
359 1711 392 1774 in
415 1711 531 1774 atrinrn
553 1713 667 1776 suntmi
689 1708 869 1776 Pontificio:
897 1719 930 1775 et
952 1721 1019 1777 erat
1039 1713 1156 1781 sedent

23 1837 84 1882 ann
113 1835 185 1878 cum
214 1813 383 1894 ministris,
416 1819 448 1878 et
474 1809 642 1880 calefiebat
670 1811 711 1881 ad
739 1811 858 1882 lumen.
909 1809 961 1880 55.
990 1813 1156 1904 Principes

23 1929 128 1985 autern
160 1911 361 1993 mccuiotnns
389 1923 421 1979 et
445 1922 547 1982 toturn
581 1915 754 1982 concilium
790 1913 987 2002 quaerebant
1017 1921 1157 1986 testimo·

23 2026 109 2087 nium
132 2017 286 2082 adversus
308 2015 427 2094 iesum,
453 2027 489 2082 ut
518 2039 591 2083 eoru
613 2020 708 2083 morti
731 2016 906 2084 traderent:
934 2039 994 2083 nec
1014 2022 1157 2090 invenie·

23 2123 110 2190 hant.
157 2117 209 2183 56.
240 2117 337 2184 Multi
366 2119 451 2184 enirn
477 2117 592 2186 falsum
625 2113 841 2188 testimonium
868 2119 1011 2188 dixerant
1045 2133 1157 2192 contre

23 2245 112 2302 enm,
139 2231 171 2287 et
192 2241 258 2287 non
284 2218 506 2308 congruebant
527 2241 639 2288 eornm
661 2221 849 2289 testimonie.
893 2222 945 2290 57.
965 2223 1006 2288 Et
1027 2223 1156 2311 qnidam

23 2332 192 2414 surgentes
214 2321 328 2388 iaisnm
352 2325 567 2414 testinnonium
595 2323 736 2390 tulerunt
758 2331 869 2389 contra
893 2345 978 2404 cum,
1001 2323 1155 2394 dicendo:

23 2431 76 2496 58.
98 2427 169 2494 Nos
191 2423 370 2492 audivimus
393 2449 464 2492 enm
487 2423 653 2506 dicentem,
671 2427 744 2513 Ego
767 2424 890 2494 diruam
914 2427 1064 2514 ternplum
1085 2429 1156 2510 hoo,

23 2531 117 2622 qnod
137 2527 284 2594 matribus
306 2527 423 2594 iactum
445 2538 507 2609 est,
534 2537 566 2594 et
593 2526 697 2594 trihus
724 2527 840 2594 diebus
867 2527 1047 2596 aedificabo
1068 2529 1157 2597 alind

23 2657 92 2702 non
114 2629 337 2698 ntarruinotnm.
380 2630 432 2696 59.
460 2631 503 2698 Et
528 2651 570 2696 ne
597 2632 644 2695 sio
672 2627 800 2718 quidem
828 2628 1025 2718 congruebat
1045 2652 1156 2700 eornm

23 2735 251 2806 testimonium·

110 2901 210 2972 LUC.
233 2903 332 2970 xxtt.
375 2899 727 2992 incomprehensum
756 2911 860 2970 antem
887 2926 959 2972 enm
987 2903 1156 2988 dureumt,

23 3021 56 3078 et
78 3006 273 3076 induxerunt
294 3008 328 3072 in
349 3005 480 3074 domurn
503 3006 617 3072 summi
639 3002 822 3074 Pontificius
856 3005 969 3074 Petrus
999 3027 1077 3074 vero
1105 3028 1156 3075 se-

23 3109 184 3202 quebatur
206 3108 340 3178 eminas.

103 3379 195 3444 Atiam
217 3378 385 3442 narrationis
410 3378 511 3441 seriem
535 3387 616 3438 tenet
638 3375 729 3438 Luras
753 3397 836 3457 quarn
855 3375 1012 3440 Matthaeus
1034 3387 1063 3438 et
1082 3379 1157 3439 hiar-

25 3481 87 3522 ωε.
126 3461 234 3518 Vemnr
253 3458 331 3536 qnod
355 3457 432 3517 inter
452 3455 530 3538 ipsos
550 3454 692 3515 diversum
716 3463 772 3530 est,
805 3473 871 3515 mor
895 3473 947 3516 suo
969 3453 1034 3515 loco
1060 3455 1159 3516 conci·

25 3537 97 3596 hiare
115 3531 294 3596 studebimus.
333 3533 451 3594 interim
470 3551 543 3612 qnae
561 3541 662 3590 notatu
678 3530 763 3612 digna
782 3541 848 3590 nunt
869 3531 900 3591 in
918 3530 1011 3594 verbis
1023 3531 1161 3594 Matthaei

26 3623 59 3672 et
78 3609 179 3681 hiarci,
198 3607 324 3672 breviter
342 3607 535 3692 perstringere
554 3605 698 3666 convenit.
737 3607 780 3666 lm
802 3606 888 3683 rimis,
906 3617 940 3668 nt
958 3607 1076 3670 toiiatur
1094 3630 1160 3670 crn-

26 3688 71 3749 cis
88 3685 258 3761 scandalum,
277 3683 427 3766 spectanda
446 3695 491 3746 est
508 3683 624 3756 utilitas,
644 3703 726 3776 qnam
746 3627 828 3743 nohis
848 3683 959 3765 peperit
979 3684 1082 3746 Christi
1102 3685 1161 3745 exi-

26 3761 209 3855 nanitiocpie
225 3762 305 3854 'enim
327 3761 376 3822 het
394 3773 427 3822 nt
446 3757 670 3850 incomparabihs
690 3756 745 3850 diei
764 3758 874 3850 bonitas
894 3771 924 3820 et
977 3761 1047 3822 atiae
1066 3759 1162 3822 effica-

27 3833 1159 4004 hiih'umquiiceiufapiitfoiihiiriceirihhiiiiiipiuidediddm'hhrhuergeoidrphoidiii

28 4005 60 4052 at
82 4011 152 4051 vero
174 3991 242 4051 dnm
261 4001 436 4070 reputamus,
461 4009 514 4050 noa
538 4009 597 4048 erus
615 3987 734 4048 vrneutts
758 3988 867 4051 solutos
890 4009 950 4049 esse
975 4009 990 4048 a
1012 3987 1161 4068 tyrannide

29 4067 145 4141 diaboii,
178 4078 207 4127 et
225 4079 320 4138 emon,
339 4065 388 4146 qni
406 4085 458 4126 nos
476 4083 571 4126 coram
592 4065 657 4125 Deo
673 4065 789 4125 tenebat
807 4065 845 4124 im
866 4064 973 4140 licitos,
991 4081 1050 4124 aon
1067 4063 1161 4125 roiam

30 4143 137 4204 toiiitor
157 4142 374 4217 offendiculum,
394 4141 428 4202 ad
448 4140 525 4221 qnod
544 4139 703 4234 impingere
722 4152 816 4220 posset
852 4142 1032 4212 desumere,
1062 4139 1161 4202 sedin

30 4221 90 4280 eins
109 4217 202 4278 iocum
221 4218 347 4280 suecedt
372 4219 524 4278 immensae
543 4218 597 4276 Der
625 4217 731 4298 gratiae
752 4214 913 4290 admiratio,
949 4215 995 4276 eni
1018 4215 1090 4276 tanti
1109 4215 1163 4278 init

31 4307 128 4356 noema
152 4293 295 4369 liberatio,
322 4297 355 4354 nt
373 4293 476 4352 Filium
498 4291 677 4374 unigenitum
701 4293 793 4374 impiis
811 4290 990 4355 vinciendum
1008 4292 1162 4354 tradiderit.

33 4374 97 4432 Hoc
121 4389 235 4450 quoqne
260 4369 344 4431 nobis
368 4371 423 4431 erit
446 4367 592 4452 singularis
616 4367 724 4430 Christi
752 4389 819 4450 erga
843 4389 896 4430 noe
924 4367 1028 4430 amoris
1050 4368 1164 4452 pignus,

59 4460 143 4508 calvini
156 4469 277 4507 mmet.
291 4461 315 4506 in
329 4459 406 4506 nan.
421 4459 462 4505 tv.
484 4459 530 4503 eoi.
545 4459 574 4503 li.
926 4446 965 4504 Ψ]
