2524 4856
144 238 205 319 ὓ
593 249 705 320 allel.
721 249 837 320 ΝΠ.

145 403 219 488 bna,
241 403 297 496 qni
317 411 563 496 pneeeseerunt
583 405 748 489 tumtum,
771 405 903 476 edentes
925 391 1121 488 et'bibentes,
1138 415 1233 474 mutu·

145 509 261 579 bentea
281 509 516 579 matrimonium
536 519 569 578 et
584 522 725 600 ‘nuptura
747 509 874 592 damea,
900 533 1003 600 nsque
1027 509 1066 578 ad
1086 532 1150 577 eun
1166 509 1232 584 dien,

146 633 215 701 qun
235 613 366 678 intrarit
387 609 464 677 Noa
483 612 519 677 ia
538 631 654 692 ιιιιιι,
696 613 750 680 33.
771 613 813 680 Et
834 633 904 680 ann
923 622 1142 700 aequaverant,
1158 611 1233 677 duas

146 715 287 782 venisset
309 710 482 794 dilnvium,
503 721 534 778 et
555 713 736 782 sustulisset
757 717 941 782 universos:
967 717 1010 781 ite
1032 715 1089 782 erit
1103 725 1131 780 et
1148 716 1232 778 adven-

144 827 198 886 tna
218 815 294 886 Filii
313 815 464 884 bonnis.
523 815 576 882 dil.
597 816 692 884 Tuus
713 817 781 884 duo
803 829 896 886 erunt
917 821 951 884 in
969 839 1058 905 agro,
1081 840 1154 886 unna
1170 839 1229 882 auu·

144 923 252 1000 undar,
274 929 307 986 et
326 918 407 985 alter
427 916 627 1005 relinquitur.
671 921 722 986 tl.
745 921 839 986 Duae
859 920 1018 988 malentes
1038 924 1071 986 in
1090 919 1176 986 nala:
1189 937 1233 983 naa

145 1023 331 1102 assumitur,
362 1029 392 1086 et
415 1017 512 1086 altera
541 1017 742 1110 relinquitur.
785 1021 836 1088 tr.
858 1023 997 1111 Vigilate
1019 1043 1104 1114 ergo,
1122 1024 1183 1114 qnia
1197 1041 1234 1086 ne

145 1127 243 1206 scitis.
264 1145 329 1216 qna
348 1119 432 1192 lanea
447 1121 609 1190 Dominus
631 1135 738 1192 vester
756 1135 910 1194 venturus
930 1128 980 1196 ait.

227 1327 371 1415 MAR'C.
392 1341 478 1412 xut.
519 1339 573 1412 33.
613 1339 751 1430 Cavete,
783 1343 915 1435 vigilata
939 1355 973 1416 et
999 1353 1102 1417 orate:
1139 1339 1235 1412 naun

138 1449 238 1528 ¹anias,
259 1445 393 1540 qnando
414 1457 541 1536 tenpus
562 1449 613 1514 sit.

228 1666 328 1736 LUC.
346 1669 448 1734 xvtt.
490 1666 544 1733 aa.
565 1667 608 1734 Et
629 1668 713 1738 sinat
733 1667 851 1736 made
870 1669 906 1736 ia
927 1663 1237 1747 diebnalinaitrnit

143 1777 175 1834 et
197 1771 231 1836 in
253 1767 368 1838 diebus
390 1769 466 1837 ratri
488 1770 639 1839 bominis.
698 1769 753 1838 2⁷.
784 1769 946 1854 Edebaut,
972 1769 1137 1848 bibebant,
1153 1785 1237 1833 naurs

144 1869 314 1954 ducebant,
335 1883 367 1938 et
389 1867 550 1938 dabantur
571 1885 715 1960 nuptum,
742 1871 784 1940 ad
806 1896 879 1942 enen
901 1896 1005 1964 usqne
1027 1871 1118 1952 diens,
1138 1891 1191 1960 qno
1206 1868 1237 1930 in

142 1973 239 2040 tearit
259 1973 335 2040 ltus
355 1976 389 2040 in
415 1995 536 2040 ιιιιιιι
575 1985 608 2041 et
631 1976 720 2042 venit
741 1975 913 2055 dilnvium,
943 1987 977 2044 et
997 1973 1133 2064 persidit
1149 1991 1236 2041 aaaet

140 2073 195 2141 28.
229 2073 452 2144 Consimiliter
472 2078 566 2143 etiarn
587 2079 670 2143 sicut
691 2077 808 2146 recidit
827 2081 862 2145 in
885 2077 1001 2146 (liebus
1028 2079 1101 2159 nur,
1126 2073 1236 2144 edebant

138 2171 310 2250 bibebante
342 2177 499 2260 emebant
519 2177 715 2250 vendebant:
736 2177 931 2270 plantabant,
952 2179 1167 2252 aedificabant.
1200 2177 1235 2240 ll·

139 2280 315 2348 Craterum
334 2299 403 2369 qun
425 2281 480 2347 die
501 2284 576 2347 exiit
596 2283 660 2350 bnt
686 2304 706 2349 a
731 2283 900 2363 Sodomis,
938 2283 1024 2372 pluit
1049 2285 1129 2369 iqaia
1151 2277 1236 2346 etad·

140 2381 226 2472 pbur
245 2407 264 2452 e
284 2381 388 2462 eaelo,
410 2391 442 2449 et
463 2405 575 2450 omnes
597 2384 752 2474 perdidit:
815 2385 869 2455 an.
912 2384 1097 2452 Seennelnrn
1117 2381 1236 2452 breui

141 2482 226 2565 dies,
252 2507 320 2574 qno
341 2485 444 2556 Filius
465 2483 605 2555 lerninis
631 2488 837 2559 revelabitur.
900 2484 954 2556 ³1.
997 2489 1038 2556 ln
1059 2483 1114 2554 illo
1134 2485 1183 2564 die,
1199 2481 1235 2568 qni

141 2586 238 2654 luerit
264 2590 299 2654 in
325 2597 424 2668 tento,
457 2598 490 2655 at
507 2610 586 2657 vasa
608 2592 678 2656 eins
697 2593 732 2656 in
752 2589 867 2671 naua,
896 2611 939 2658 ae
961 2589 1133 2658 dunendat
1150 2585 1182 2652 ad
1197 2581 1236 2649 tal

140 2687 271 2756 lendum
293 2689 364 2764 illae
402 2693 511 2780 etqui
533 2693 567 2759 iu
589 2713 681 2780 agra,
702 2690 849 2758 similiter
869 2713 939 2759 nnn
962 2693 1075 2760 redeat
1095 2690 1132 2757 ad
1150 2687 1235 2756 relicta

138 2791 193 2860 32.
225 2789 391 2862 Mensurae
413 2804 516 2863 estote
536 2795 646 2867 uxoris
667 2793 742 2862 Lot.
790 2794 846 2862 33.
882 2793 1082 2884 Quicunque
1105 2789 1234 2884 quaesiuit

139 2895 276 2960 anina·
297 2915 388 2964 ιιιιιι
407 2915 551 2976 mre,
572 2895 686 2986 perdet
705 2895 808 2964 illam:
840 2907 874 2964 at
892 2900 1080 2988 qniennque
1100 2891 1235 2988 perditui

138 2993 242 3078 illata,
265 2997 371 3086 gignet
393 2997 427 3064 in
448 2999 556 3066 sitnm.
607 2997 661 3066 33.
695 2997 782 3068 Dino
804 2995 912 3082 aubis,
932 3001 965 3066 in
988 2999 1045 3068 illa
1067 3009 1154 3067 nnete
1171 3001 1235 3062 erunt

137 3097 207 3168 dnn
234 3101 270 3168 in
302 3097 389 3170 laete
403 3122 506 3170 ,ιιιιι
548 3122 633 3168 nnus
663 3111 857 3184 assumetur,
894 3112 927 3170 et
958 3101 1043 3174 alter
1066 3101 1234 3188 relinquetn·

130 3201 192 3269 tii.
213 3203 309 3270 naas
328 3213 422 3270 eruut
441 3199 541 3270 stant
560 3201 733 3270 fluentes:
755 3225 819 3271 una
839 3213 1031 3281 ιιιιιειιι.
1051 3215 1084 3272 ae
1102 3203 1188 3270 nean
1202 3219 1235 3262 n·

136 3299 310 3394 linquetur.
343 3303 396 3374 33.
419 3305 496 3374 lino
519 3315 614 3372 erum
634 3307 668 3372 in
689 3301 784 3394 agru'z
806 3326 892 3375 anns
914 3309 1101 3400 salutetur,
1120 3303 1187 3374 alter
1201 3321 1234 3365 re

134 3405 309 3494 sunau.
371 3407 426 3478 37.
448 3409 545 3480 Tuan
563 3407 800 3496 rependentes
820 3409 932 3480 dieunt
951 3413 997 3492 ai,
1028 3407 1095 3478 Ubi
1113 3402 1234 3479 limina?

136 3507 211 3596 lpse
237 3526 318 3575 vern
347 3508 427 3578 dixit
453 3512 514 3592 eia,
549 3510 619 3577 Ubi
640 3509 793 3588 cadaver,
818 3511 886 3579 illia
905 3523 1064 3601 enqntne
1080 3521 1111 3578 et
1128 3503 1231 3594 aquila·

135 3607 218 3676 xxt.
270 3609 324 3688 dl,
353 3602 485 3684 'Cavete
506 3623 611 3682 antem
633 3613 739 3696 vobis,
760 3637 802 3694 ne
824 3613 956 3704 quanda
978 3623 1146 3702 graventur
1161 3602 1231 3676 nard

136 3721 245 3782 arena
272 3711 405 3803 ιιιμιΙι
434 3726 468 3784 et
489 3713 654 3794 ebrietate,
675 3721 816 3786 etruria
837 3717 936 3786 lunias
956 3720 1056 3798 vitae,
1081 3713 1231 3794 subinane

135 3811 232 3883 uubis
252 3817 414 3894 inmineat
434 3817 504 3886 dies
526 3819 591 3896 ille,
634 3819 687 3896 33.
709 3824 878 3924 Tanquam
899 3819 1033 3917 laquear
1054 3819 1134 3886 eain
1149 3829 1229 3900 supa·

136 3921 243 3987 veniet
264 3919 298 3986 in
319 3942 446 4001 orruues,
475 3923 530 4010 qui
553 3919 666 3988 sedent
688 3942 786 4008 snper
807 3919 919 3998 iaciens
942 3921 1040 3989 totins
1061 3929 1162 3994 terrae,
1193 3909 1225 3978 ll

136 4020 278 4110 Vigilate
307 4024 417 4110 itaque
447 4026 534 4090 arani
567 4035 725 4112 tenpore,
758 4024 967 4112 depreeantea
998 4035 1033 4092 nt
1055 4023 1144 4090 liceat
1163 4011 1223 4082 velit

136 4123 279 4210 elingere
305 4125 366 4202 ista
392 4129 514 4218 amnia,
549 4147 633 4224 qnae
660 4127 768 4201 lutura
787 4136 876 4212 sunt,
906 4136 938 4204 et
957 4137 1040 4206 atara
1058 4135 1127 4198 ants
1142 4119 1225 4190 fill*

126 4225 284 4300 -lntninit-
