2524 4856
182 234 361 314 (ΗΘ-183.
404 235 491 300 heris
508 234 723 300 Pharisaeorum
741 235 938 318 reprobatio.)
1067 237 1125 302 235

29 407 73 450 ase
90 407 186 450 mes-un
205 387 363 466 homiuem,
385 388 436 452 sed
457 389 514 450 Ilei
559 407 654 470 noque
676 387 821 452 maiestate
843 385 1010 472 prandiam.
1051 385 1128 452 Nam

27 465 86 526 lleus
104 477 233 541 aetnam,
257 463 305 546 qui
323 464 503 526 iureiurando
522 407 575 526 sili
594 463 644 524 uni
668 465 724 527 hoc
749 462 887 538 abdicat,
914 475 946 523 ut
971 483 1066 523 coram
1090 484 1121 526 se

27 539 129 601 lectatur
144 561 224 602 omne
255 555 330 616 cun,
354 539 436 603 simul
461 540 544 602 etiam
569 539 655 616 iurat,
676 562 707 602 se
726 539 806 602 alteri
826 539 945 622 gloriam
964 559 1042 600 suam
1062 559 1122 598 non

27 617 127 677 htnsnm
143 617 204 692 (lea.
265 619 342 692 ΑΒ.
362 629 392 680 et
409 620 462 694 42,
481 615 536 692 8).
575 617 681 698 Atqui,
702 628 778 679 teste
796 615 898 691 Panlo,
921 616 989 678 dum
1008 626 1126 678 evectus

27 703 57 752 et
70 692 94 752 in
108 713 219 775 regnum
237 693 380 767 Christus,
403 693 500 756 datum
518 692 559 754 illi
578 691 632 754 tuit
651 714 756 755 nomen
776 694 852 774 quod
872 701 1018 826 estsuper
1037 711 1125 752 omne

27 788 115 844 nonen,
131 781 160 830 ut
174 791 265 832 corana
283 769 344 855 ipso
361 771 492 832 flectatur
505 789 590 830 omne
604 789 681 852 genu
697 771 795 847 (llam.
813 771 857 845 ll,
873 771 919 832 ll.
940 767 962 828 P
975 765 1012 828 sil.
1026 768 1054 842 2
1069 765 1123 844 9.).

26 847 96 924 Itque
115 857 143 905 ut
163 844 190 906 id
212 867 357 927 uunquam
381 867 396 904 ιι
419 844 507 908 Paulo
532 845 636 906 dictum
662 857 750 921 esset,
778 844 818 906 sie
841 855 937 904 tamen
961 863 1007 904 ees
1030 841 1124 918 hahet,

26 919 137 980 Christum
155 920 216 983 ideo
233 941 364 1004 praeesse
381 921 485 983 Davidi
504 932 533 982 et
551 920 636 984 sacris
655 920 714 984 aliis
732 919 861 1004 aegilam,
884 919 949 1001 quia
972 938 1053 1000 supra
1072 939 1125 980 an·

26 993 83 1085 gelas
102 1016 206 1079 qaoque
223 998 345 1061 excellit:
376 999 454 1136 Ἓοά
468 997 506 1082 io
534 996 677 1060 hominem
704 1011 831 1058 creatum
853 1016 914 1058 non
938 1006 1125 1077 conpeteret,

26 1071 62 1130 nio
78 1072 140 1134 hem
158 1096 269 1156 quoque
294 1085 366 1136 esset
416 1095 464 1136 eus
488 1071 517 1133 in
542 1093 627 1134 carne
650 1073 851 1134 ntanilestatus.
890 1073 994 1134 Fateor
1012 1071 1126 1152 quidem

26 1145 56 1204 lic
73 1147 164 1210 diserte
187 1161 215 1212 et
238 1151 272 1212 ad
292 1151 411 1212 verbum
430 1171 492 1210 non
516 1148 635 1231 exprimi
653 1149 776 1210 divinam
802 1149 862 1210 eius
886 1147 1048 1222 essentiam,
1075 1147 1126 1209 sed

25 1221 104 1284 iulure
115 1237 271 1307 promptum
286 1238 338 1299 est,
358 1227 451 1288 Deum
472 1247 542 1299 esse,
581 1225 611 1286 oi
628 1245 712 1323 supra
731 1245 830 1286 omnes
848 1235 989 1286 creaturas
1007 1223 1125 1286 locatur.

77 1303 118 1360 ll.
142 1303 227 1362 Dicit
247 1305 391 1363 Dominus
409 1305 542 1363 Domiau.
607 1299 632 1361 ic
651 1301 772 1383 hpiritus
792 1312 904 1362 sanctus
921 1299 1012 1384 praeit
1030 1297 1126 1361 omni-

24 1371 123 1462 huspih
139 1377 304 1460 triumphale
323 1399 452 1454 carmen,
476 1388 509 1440 ut
531 1378 652 1440 &hune
676 1388 706 1439 et
729 1377 860 1440 omnihus
883 1375 976 1460 impiis
1000 1376 1127 1440 animose
1156 1381 1161 1390 '

24 1449 140 1530 natitent,
160 1476 192 1516 ac
216 1476 317 1518 eorum
341 1453 468 1515 furorem
491 1453 651 1526 derideant,
675 1453 752 1535 quod
773 1452 917 1515 Christum
934 1449 1127 1514 moliuntute

24 1523 77 1586 solio
93 1549 139 1589 ano
158 1530 269 1593 eiicere.
305 1533 386 1615 Ergo
405 1552 442 1592 ne
461 1527 591 1592 vacillent
610 1527 655 1590 vel
676 1539 875 1610 expavescant,
894 1539 1043 1590 cernentes
1063 1547 1128 1588 uso·

23 1603 65 1660 seri
84 1603 109 1664 in
127 1615 198 1668 tem
221 1607 354 1691 ingentes
377 1605 526 1688 strepitus,
550 1605 683 1667 iubentur
706 1626 816 1666 sacrum
841 1616 871 1666 et
888 1603 1051 1665 inviolabile
1070 1602 1128 1665 Dei

23 1677 312 1776 laentumnontrafiis
340 1683 472 1775 omnibus
498 1681 596 1774 studiis
625 1701 781 1762 opponere.
833 1681 942 1772 Sensus
969 1699 1040 1762 ergo
1058 1691 1128 1770 ‘esta'

22 1755 1129 1924 talah'tattttltttttattada‘tdtat'thanmatha

22 1913 73 1992 15¹0,
93 1909 137 1971 aed
155 1911 288 1973 divinitus
307 1924 435 1973 erectum
455 1923 571 1972 aeterna
590 1909 737 1971 stabihtate
757 1907 878 1970 sulcatur.
917 1911 997 1992 Ergo
1017 1920 1129 1989 quoties

22 1981 134 2048 solenter
149 1987 296 2070 impetitur
315 1988 371 2050 hoc
390 2007 528 2071 regnum,
552 1987 647 2046 veniat
670 1983 754 2048 nohis
778 1984 807 2045 in
830 1996 956 2046 mentam
981 1985 1036 2047 hoe
1061 2005 1129 2046 coe·

21 2051 71 2120 leste
87 2063 234 2126 oraculum.
287 2065 360 2126 Nam
381 2075 459 2126 certe
477 2064 509 2125 in
529 2061 634 2126 Christi
652 2083 737 2123 mauu
756 2061 882 2142 deposita
901 2060 955 2122 luit
972 2059 1041 2122 haec
1079 2075 1130 2122 to·

22 2133 106 2214 missio,
127 2151 157 2200 ut
181 2161 244 2204 eam
266 2139 368 2224 singuli
391 2137 486 2202 fideles
512 2136 542 2200 in
566 2159 647 2198 ιιιιιιιι
671 2159 752 2198 usum
776 2136 1001 2198 accommodent.
1080 2157 1129 2196 ens

21 2221 126 2274 autema
165 2216 316 2279 novarias
341 2226 397 2290 est,
422 2235 515 2296 neque
539 2212 633 2288 fallax,
657 2226 689 2274 nt
711 2223 848 2273 retractet
871 2213 946 2294 quod
969 2209 1056 2272 semel
1078 2231 1130 2273 ore

20 2237 189 2432 aeupdtpthhep.
234 2293 327 2384 Porro
347 2297 440 2452 p‘epnadio
459 2293 502 2352 osi
518 2293 690 2428 dungalum,
712 2288 1130 2502 nicaphoripptetacgpipprtppo

136 2391 154 2432 s
199 2387 332 2452 promtu
421 2391 456 2460 ιλ
469 2389 553 2449 quem
603 2389 630 2430 es
647 2387 767 2431 acastus
806 2387 858 2428 cco
1116 2399 1130 2412 -

21 2441 111 2527 tufldem
130 2443 204 2507 valet
225 2466 259 2506 ac
283 2465 424 2507 summum
447 2467 484 2506 ιιιι
507 2443 595 2505 etium
620 2455 649 2504 et
672 2441 829 2526 potentiam
848 2463 866 2502 o
888 2441 979 2504 tinere
998 2439 1054 2500 Dei
1075 2459 1130 2500 no-

21 2531 87 2577 nme:
110 2520 191 2582 aienti
209 2521 307 2583 Deum
325 2521 475 2616 unigenito
486 2467 569 2581 klilio
592 2540 654 2583 suas
677 2531 771 2601 partes
796 2519 940 2578 mandasse
958 2515 1072 2592 suimus,
1097 2523 1132 2574 ut

19 2609 58 2666 pu
72 2594 125 2657 eius
142 2617 258 2658 manum
279 2597 431 2660 Ecclessam
449 2617 528 2658 suam
547 2595 696 2680 gubernet.
734 2597 835 2676 ltaque
852 2593 922 2657 haee
940 2591 968 2656 lo
1009 2591 1070 2652 ntio
1087 2590 1132 2652 lo·
1162 2601 1174 2614 '·

19 2685 73 2760 cm·
86 2671 198 2736 minime
224 2673 368 2758 designat,
397 2673 447 2738 sed
475 2673 572 2756 potina
599 2672 711 2734 coelum
740 2683 769 2732 et
798 2681 903 2732 terram
935 2613 1052 2760 tndllas
1078 2663 1131 2728 suh

20 2736 104 2807 [droti
118 2747 256 2840 'impes-io.
307 2749 457 2840 Sepsurnna
475 2770 546 2811 vero
567 2746 713 2840 §hristum
728 2747 810 2840 Jleus
829 2755 1014 2838 promanat,
1038 2743 1132 2806 donec

32 2834 126 2917 ξῦσῑιιῑι
143 2826 255 2889 inerint
273 2825 332 2888 eius
350 2825 471 2901 ammics,
489 2836 521 2886 ut
540 2846 658 2918 secamus
678 2835 813 2915 Invictum
831 2825 895 2884 lore
914 2835 942 2884 et
950 2839 1133 2914 ‘inexpugna-

27 2893 60 2981 ‚tle
75 2919 130 2962 nus
146 2923 285 2986 regnum
304 2923 365 2964 non
384 2901 460 2984 quod
480 2899 603 2963 snhactss
622 2899 750 2962 hostibus
768 2900 918 2980 pravandus
935 2909 973 2961 att
991 2907 1133 2978 potestate

16 2969 56 3030 ahi
70 2974 139 3054 data,
161 2979 212 3040 sed
232 2978 297 3060 qnia
320 2977 483 3042 cadentibus
505 2975 779 3038 omoinmhostinm
797 2975 903 3052 turhis,
928 2974 1044 3065 integer
1064 2992 1133 3053 peu·

16 3061 86 3138 affluo
102 3054 194 3116 stahit
222 3056 337 3116 Interea
355 3065 479 3130 notatus,
519 3074 572 3114 nae
589 3051 675 3114 hodIa
694 3051 862 3143 perspicitur
880 3049 971 3140 tegni·
986 3070 1046 3112 esus
1061 3067 1134 3110 enn-

16 3123 78 3204 hhn
94 3149 131 3190 ue
148 3129 304 3194 molestum
322 3129 407 3194 nohis
426 3130 471 3208 sit,
530 3130 539 3190 i
557 3129 685 3193 videmos
704 3129 827 3208 undaque
843 3125 981 3188 infestam.

81 3307 194 3393 (lta.)
243 3307 415 3376 ΜΑΤΤΗ.
436 3309 550 3378 XXIII.
601 3309 632 3374 l.
662 3307 758 3374 'l'uno
785 3305 876 3372 leena
904 3301 1059 3392 loquutus
1086 3306 1135 3365 eat

15 3402 46 3470 ad
64 3409 171 3478 turbas
194 3422 228 3479 et
249 3411 290 3478 ad
312 3409 489 3502 discipulos
511 3433 599 3492 suna,
629 3409 661 3476 2.
683 3409 815 3490 Dicens,
836 3409 875 3474 lu
897 3404 1045 3473 cathedra
1060 3401 1136 3472 Mo-

14 3509 49 3574 tis
66 3513 176 3582 sedent
199 3514 332 3582 Sothae
354 3524 386 3581 et
407 3516 582 3582 pharisaeis
624 3512 655 3578 3.
686 3511 805 3577 Omnia
826 3530 903 3596 argo
924 3529 1136 3596 quaecunque

14 3619 217 3704 praeceperint
238 3615 333 3684 vohis
355 3637 496 3697 servaro,
519 3625 644 3683 servata
667 3625 698 3681 et
720 3615 826 3680 tacite:
860 3613 1035 3678 secundnm
1056 3631 1136 3677 vero

13 3731 96 3800 opera
108 3740 222 3788 eorum
233 3719 333 3790 nolito
344 3719 463 3788 lacera:
485 3719 700 3796 dicuntenho‚
722 3715 971 3782 etnonIaoiunt.
1004 3713 1034 3780 4.
1051 3713 1136 3782 Nam

13 3817 150 3906 caligant
180 3843 280 3888 onera
307 3827 415 3910 graula
442 3831 474 3888 et
500 3819 642 3888 dillioilia
669 3829 813 3907 portatu,
840 3820 1074 3906 imponuntque
1102 3817 1138 3881 in

12 3915 149 3992 humeros
172 3923 353 3992 hominnm:
384 3923 485 4012 digito
506 3935 610 3988 antem
632 3944 695 3989 ano
717 3943 755 3988 ea
777 3919 893 3988 uolunt
914 3930 1051 4006 tangere.
1106 3916 1138 3983 a.

12 4019 117 4092 Omnia
138 4048 221 4095 vero
245 4049 343 4116 opera
365 4049 424 4094 sna
446 4027 579 4106 iaciunt,
611 4035 647 4091 ut
670 4033 854 4114 spectentur
876 4021 918 4088 ah
937 4017 1137 4088 hominihus:

11 4119 133 4196 dilatant
154 4141 261 4196 antem
286 4129 487 4220 phylacteria
514 4149 586 4208 ana,
617 4137 648 4192 et
675 4125 878 4214 tnagnIhoaot
900 4120 1044 4188 fimbrias
1070 4119 1141 4209 pal-

11 4223 116 4298 horum
138 4251 308 4316 suomms
329 4233 360 4300 6.
380 4233 560 4320 Asnantquo
580 4233 703 4322 priuatos
725 4227 891 4295 accubitus
911 4227 946 4292 in
968 4225 1088 4304 coenis,
1108 4230 1141 4288 et

9 4334 121 4416 arianas
141 4334 310 4406 cathedras
331 4337 366 4406 In
387 4337 571 4426 synagogis,
605 4335 636 4404 t.
658 4335 701 4402 Et
721 4331 927 4402 salutationes
948 4329 984 4400 in
1004 4327 1087 4410 loro,
1109 4334 1142 4393 et
